3032 4554
819 206 863 280 52

277 414 324 468 sut
343 399 524 485 Aristotelis,
548 405 625 490 apud
642 403 798 490 quem'hos
821 414 933 466 tantum
949 380 1166 469 locos'invsni:
1189 407 1255 471 Pol.
1271 404 1404 475 12561).

281 505 409 575 11:qu
432 501 493 592 γοῖρ
515 501 602 569 uacui
625 503 684 594 τὴν
705 505 736 581 ἐξ
749 504 845 591 ἀρχῆς
866 503 984 588 γένεσιν
1006 501 1051 567 τοὶ
1073 506 1128 590 μὲν
1151 506 1325 570 συνετίκτει
1340 516 1406 569 τῶν

280 607 366 694 ζῴον
385 609 552 684 τοσαύτην
573 604 695 696 τροφὴν
728 609 766 685 ὠς
787 607 897 684 ἱκανὴν
919 609 999 672 εἶναι
1020 607 1120 692 μέχρις
1154 605 1193 670 οὗ
1214 601 1255 670 οἷν
1273 603 1421 684 δύνητοο

279 706 362 774 αὐτὸ
385 705 474 795 αὐτῷ
495 713 633 797 πορίζειν
653 708 694 775 τὸ
715 713 872 797 γεννηθέν.
918 714 1011 780 1305·
1033 737 1060 780 a.
1083 713 1222 780 ‘th-32:
1247 707 1330 774 ὅπου
1345 701 1407 798 γο1ρ

280 815 407 901 αἱρεταὶ
439 813 493 900 pia
525 819 559 877 αἱ
592 814 701 901 ἀρχαί,
737 814 776 902 μὴ
811 811 878 877 cisni
913 808 1100 900 τιμημάτων
1122 813 1166 890 δέ,
1201 818 1339 899 αἱρεῖται
1361 813 1406 876 do
1448 891 1449 894 Ἴ

232 995 235 1004 ,
280 918 386 1002 δημος,
420 916 726 1044 δημαγωγοῦντες
699 944 728 981 oe
751 919 1047 1002 σποιδαρχιοῑντες
1059 919 1100 992 εἰς
1122 926 1226 979 τοῦτο
1248 905 1406 978 subscud-

279 1045 331 1084 σιν
362 1017 400 1097 ο1ς
433 1019 539 1105 κύριον
568 1019 648 1084 εἶναι
670 1017 730 1084 τᾶν
752 1018 862 1107 δῆμον
898 1021 952 1084 καὶ
975 1029 1040 1082 τοῖν
1063 1017 1177 1104 νόμον.
1222 1023 1328 1084 Paullo
1343 1045 1407 1085 sao·

279 1129 345 1208 pius
379 1128 513 1202 inlibris
546 1128 838 1208 pseudouristoteleis
863 1128 1007 1209 particula
1033 1120 1081 1198 οἱς
1115 1147 1150 1188 eo
1173 1127 1260 1188 modo
1277 1125 1406 1208 usurpa·

280 1237 335 1292 tur.
381 1218 586 1312 Partiouias
570 1252 586 1300 η
608 1219 690 1289 ὥστε
715 1252 780 1291 cum
802 1231 946 1291 infinitivo
961 1241 1027 1310 post
1041 1231 1271 1310 comparativum
1294 1230 1407 1290 Aristo·
1440 1303 1442 1308 Ι

280 1331 355 1392 tulos
393 1330 472 1392 huud
508 1353 598 1414 saepe
630 1333 751 1394 adhibet
785 1333 837 1416 (ci.
869 1326 909 1397 G.
931 1333 1059 1395 Curtius.
1087 1331 1281 1393 Gricohische
1304 1331 1407 1404 Schul-

281 1434 469 1513 grammstih.
494 1434 522 1513 6.
546 1434 619 1513 566,
644 1434 744 1514 Klotz.
769 1437 787 1499 1.
812 1437 831 1496 l.
850 1455 919 1516 pag.
943 1423 1038 1514 601),1
1051 1436 1088 1499 cf.
1106 1435 1198 1516 Phys.
1222 1431 1294 1496 218.
1319 1434 1346 1497 b.
1371 1433 1407 1495 8:

282 1538 353 1596 shut
376 1530 631 1620 δἐιῖηθικοίτερον
650 1531 690 1598 τὰ
714 1535 867 1621 εἰρημένον
898 1528 915 1610 ἢ
938 1528 1021 1598 ὥστε
1041 1534 1111 1618 περὶ
1138 1530 1242 1595 αὐτοῦ
1264 1527 1309 1594 τοὶ
1332 1529 1407 1593 oidd-

284 1659 372 1700 νοιτα
398 1637 590 1701 ἐπισκοπεῖν.
626 1641 672 1705 cf.
697 1644 785 1702 etiam
809 1643 906 1704 Ethio.
941 1634 1066 1704 Eudem.
1105 1639 1195 1704 1246.
1226 1641 1254 1704 1).
1279 1639 1335 1702 17:
1371 1633 1407 1723 oo

285 1735 347 1828 γοῖρ
369 1729 470 1814 οὕτως
491 1733 605 1814 ὁ’2εε1ς
626 1733 659 1800 εὖ
681 1745 752 1823 ἔχει,
774 1736 859 1801 ohta*
885 1741 1009 1822 βέλτιον
1031 1731 1048 1814 ἢ
1071 1730 1154 1802 ὥστε
1176 1735 1257 1800 ἄλλο
1272 1764 1306 1800 τι
1326 1749 1408 1800 νοεῖν
1488 1736 1489 1741 ¹

279 1837 354 1924 παρ’
378 1838 480 1930 αὐτὰς
502 1837 616 1907 αὐτόν.
665 1821 758 1905 Simili
793 1846 879 1906 modo
917 1847 1005 1906 etiam
1041 1837 1057 1916 ἥ
1085 1845 1177 1906 solum
1207 1846 1237 1904 in
1270 1865 1325 1905 usu
1349 1852 1407 1904 est:
1472 1825 1498 1917 ’,

278 1945 371 2026 Phys.
395 1940 467 2012 254.
499 1969 525 2012 a.
549 1946 605 2012 31:
643 1944 769 2027 βέλτιον
804 1947 915 2028 ἐχομεν
949 1938 966 2019 ἢ
1001 1941 1100 2028 λόγου
1131 1945 1269 2006 δεῖσθαι.
1314 1948 1408 2033 Usum

278 2050 440 2131 particulae
463 2039 546 2128 ο1ρτε
577 2053 606 2110 iu
641 2051 764 2131 epodosi
798 2053 952 2113 Aristoteli
988 2052 1166 2131 peculiarem
1198 2071 1264 2111 cum
1282 2053 1414 2132 *optime-

278 2151 431 2213 Bonitzius
466 2153 705 2228 (Aristotelischo
740 2153 864 2214 Studien
898 2175 967 2234 pag.
1004 2152 1182 2270 1064221
1216 2147 1432 2213 iliustraverit¹

264 2254 351 2322 ¹nihil
384 2255 518 2314 ο1ε11ιοο
553 2254 675 2317 videtur
705 2255 873 2317 addendum
904 2276 979 2330 esse,
1011 2243 1094 2353 <ioue
1125 2255 1252 2314 maxime
1274 2255 1304 2313 in
1325 2255 1408 2334 libais

279 2357 495 2438 Metuphysicis
518 2369 548 2418 ot
569 2359 708 2439 Physicis
730 2360 772 2420 ita
790 2352 933 2422 adhiberi.

365 2453 417 2520 De
437 2462 587 2542 particuiis
624 2462 760 2522 finalibus
795 2464 881 2543 plura
916 2461 1064 2522 mouenda
1091 2469 1177 2538 silut,
1214 2459 1341 2519 maxime
1369 2459 1407 2519 de

279 2571 443 2644 temporum
475 2566 693 2629 consecutione.
717 2586 722 2595 ·
749 2565 926 2646 Disputavit
961 2576 1060 2625 autent
1095 2564 1132 2625 de
1162 2583 1198 2623 ea
1231 2581 1262 2621 re
1297 2562 1407 2642 optime
1465 2631 1467 2639 Ι

278 2664 439 2743 Fannium,
471 2667 508 2726 ci.
533 2667 703 2728 zeitschrift
735 2669 781 2728 hir
805 2661 863 2729 ¹dio
898 2666 1288 2729 Alterthumswissehschait
1315 2665 1405 2741 1839,

278 2768 327 2830 ubi
351 2769 569 2831 accuratissime
591 2771 623 2830 in
646 2793 711 2833 eam
744 2792 804 2832 rem
838 2773 999 2854 inquisivit,
1029 2792 1088 2852 qua
1122 2771 1234 2830 ratione
1257 2770 1407 2849 optativus

277 2881 344 2952 post
368 2883 484 2954 tompus
517 2894 658 2954 praesens
691 2886 720 2937 et
748 2877 950 2956 conjunctivus
981 2884 1047 2957 post
1076 2883 1192 2955 tempus
1217 2873 1406 2953 praeteritum

166 2996 168 3000 ’
278 2985 421 3056 ponatur,
467 2987 557 3056 atquo
592 2978 629 3038 uh
666 2980 784 3058 optimis
825 2980 1016 3058 scriptoribus
1054 2986 1148 3038 certas
1185 2977 1270 3054 leges
1307 2977 1406 3036 obser·

278 3088 363 3140 votae
403 3099 469 3140 esse
515 3081 625 3160 optime
664 3082 884 3156 domonstravit.
942 3082 983 3140 At
1021 3074 1055 3139 in
1089 3100 1125 3140 ea
1159 3101 1191 3140 ru
1227 3079 1408 3140 Aristoteles

281 3181 318 3244 ub
356 3182 414 3243 iliis
451 3183 556 3244 mirum
596 3195 737 3266 quantum
776 3184 875 3248 distat
931 3183 1051 3243 Nullo
1059 3185 1135 3244 enim
1175 3185 1238 3243 loco
1276 3184 1408 3263 'optativo

275 3293 342 3367 post
378 3286 538 3365 particulas
575 3287 678 3348 finales
711 3290 811 3361 utitur,
846 3287 902 3350 sed
933 3288 1099 3374 promiscue
1124 3294 1258 3366 etpost
1289 3295 1407 3366 tempus

276 3408 418 3470 praeseus
457 3398 487 3449 et
523 3400 589 3472 post
625 3393 814 3473 praeteritum
852 3392 1071 3470 conjunctivum
1107 3371 1239 3452 adhibet.
1295 3389 1331 3450 Id
1366 3391 1408 3450 ita

270 3490 540 3558 demonstrandum
576 3515 642 3556 osse
675 3507 762 3578 puto,
795 3505 827 3555 ut
858 3506 887 3556 ot
925 3496 1005 3556 locos
1034 3497 1169 3570 afferam,
1203 3495 1311 3578 quibus
1338 3514 1406 3554 con-

226 3615 229 3622 ·
269 3590 438 3678 junctivum
471 3617 526 3677 pro
557 3599 685 3679 optativo
723 3601 849 3681 positum
866 3619 948 3668 ,esse
986 3609 1125 3679 apparet,
1159 3608 1190 3659 ut
1227 3619 1278 3660 oos
1317 3598 1404 3672 locos,

275 3698 326 3760 ubi
349 3700 497 3780 optativus
518 3701 634 3763 videtur
656 3703 791 3781 inveniri,
823 3712 875 3765 aut
897 3703 984 3765 alitor
1006 3701 1196 3784 explicandos
1219 3712 1270 3764 aut
1291 3709 1405 3762 mutan·

276 3801 329 3863 dos
353 3823 419 3865 osse
442 3804 574 3885 probem.
620 3805 834 3886 conjunctivus
855 3817 921 3887 post
941 3817 1057 3887 tempus
1079 3807 1268 3887 praeteritum
1285 3805 1406 3866 adhibe·
1442 3881 1449 3898 ,

232 3977 234 3981 ,
273 3915 329 3982 tur,
361 3917 394 3967 ut
416 3929 512 3991 pauca
535 3931 572 3972 cx
595 3912 694 3974 multis
731 3911 869 3994 exemplu
896 3912 1030 3972 otiorum:
1065 3911 1152 3973 Polit.
1178 3909 1269 3976 1304.
1294 3910 1323 3971 b.
1348 3909 1404 3974 36:

275 4012 304 4071 οἱ
326 4005 388 4094 γὰρ
411 4007 602 4098 δημαγωγοί,
626 4010 639 4074 ‘i
644 4038 682 4076 να
705 4009 853 4105 χρήματα
870 4017 963 4097 ε”χωσι
977 4009 1122 4100 δημεύειν,
1147 4011 1311 4097 ἐξέβαλλον
1325 4014 1404 4072 πολ·

273 4108 346 4194 hodo
380 4107 446 4179 τῶν
482 4118 648 4206 γνωρίμων.
706 4121 744 4185 de
776 4121 864 4188 anim.
901 4121 977 4188 406.
997 4121 1025 4188 6.
1049 4121 1108 4188 261
1143 4111 1203 4179 τὸν
1237 4111 1341 4180 αὐτὸν
1372 4113 1405 4178 ut
