3032 4554
267 406 379 474 Aaaot.
403 410 448 473 ad
462 431 513 494 pg.
535 411 586 478 66.

507 627 509 632 ·
557 601 602 705 bs
618 601 799 668 Pelltlccrua
821 610 896 670 testa
919 607 1105 673 emendando.

349 776 492 853 Quamvis
508 770 693 858 thtlingias
717 773 761 865 (ν.
785 780 878 865 praef.
900 763 937 842 ad
956 778 1027 869 edit
1051 781 1176 859 Politia
1191 804 1241 866 pg.
1266 782 1304 860 V,
1327 784 1394 862 VI),
1422 847 1433 864 ,
1461 843 1463 848 .

263 877 399 944 Stalrrins
422 877 614 965 (Aristotelis
638 884 677 952 ll.
704 879 778 968 114)
801 885 837 950 V.
862 886 969 947 Rosius
994 885 1070 964 (1.1,
1094 909 1142 970 pg.
1172 883 1246 972 125)
1268 890 1396 952 Politice

208 1025 210 1030 -
265 986 340 1048 bene
364 985 449 1048 nobis
463 984 571 1048 tradita
591 1008 657 1050 esse
679 988 868 1066 contendant,
891 999 988 1052 tamon
1014 992 1109 1068 magis
1132 994 1286 1074 magisque
1300 992 1395 1054 horai·

264 1111 316 1152 nes
338 1089 417 1152 docti
448 1089 584 1151 videntur
606 1093 636 1150 in
660 1112 727 1153 earn
761 1095 938 1154 sententiam
970 1093 1119 1170 inclinare,
1155 1100 1189 1156 nt
1212 1083 1307 1176 ipsum
1328 1116 1395 1157 cou-

264 1183 383 1254 trarium
417 1192 605 1254 statuendum
646 1215 712 1256 esso
747 1201 896 1258 censeant.
953 1195 1026 1257 Cum
1057 1199 1149 1276 igitur
1181 1197 1218 1258 de
1254 1197 1420 1282 remediis¹

261 1295 450 1374 cogitandum
485 1297 538 1370 sit,
576 1297 685 1376 quibus
719 1307 819 1360 textus
842 1299 1082 1380 corruptissimus
1117 1299 1268 1360 emendari
1288 1302 1391 1380 possit,

260 1397 385 1474 singulis
419 1399 464 1458 vol
489 1398 639 1458 nonnullis
662 1400 763 1460 vorbis
790 1399 954 1461 inserendis
981 1401 1156 1480 pernurltnm
1193 1401 1269 1461 ellici
1304 1423 1391 1481 posse

259 1512 331 1580 puto
370 1510 459 1581 atquo
493 1521 559 1561 cum
599 1501 676 1581 baud
721 1522 787 1561 raro
824 1504 1040 1562 enuntiatorum
1080 1503 1155 1564 ratio
1194 1523 1232 1564 ee
1267 1505 1322 1578 sit,
1360 1513 1393 1563 ut

258 1600 329 1684 qaid
354 1603 415 1664 lere
448 1603 593 1664 exciderit
626 1623 692 1663 cum
729 1604 945 1684 probabilitate,
960 1604 1088 1686 quadam
1125 1605 1260 1667 concludi
1292 1607 1392 1687 possit,

261 1705 444 1766 anowium
479 1705 555 1765 bono
594 1707 734 1767 meruisse
771 1726 890 1784 censeo,
924 1707 1002 1787 quod
1042 1729 1078 1767 aa
1111 1693 1298 1788 potissimum
1330 1728 1390 1768 me·

260 1806 329 1869 dela
360 1807 398 1867 ad
436 1807 515 1868 locos
544 1813 694 1890 corruptos
729 1807 878 1876 sanandos
914 1829 984 1869 usus
1018 1811 1072 1890 sit;
1110 1813 1148 1880 of.v
1167 1810 1393 1872 Julucsbcricbt

260 1911 333 1973 ttbor
356 1911 409 1972 das
433 1912 574 1975 Weimar.
598 1907 746 1992 Gymnas.
774 1909 865 1974 1804.
889 1933 937 1992 pg.
966 1911 1013 1988 12,
1040 1912 1087 1986 14,
1111 1910 1165 1988 15,
1189 1913 1306 1989 lli,1'l.
1349 1914 1391 1976 Ut

259 2015 415 2079 norrnullos
433 2014 514 2077 locos
535 2017 667 2090 adieram,
691 2035 852 2098 quoscum
876 2017 939 2098 ipse
961 2016 1123 2076 invenerim
1147 2017 1306 2100 plerosquo
1325 2018 1388 2098 jam

240 2121 297 2183 'ab
332 2121 398 2181 aliis
433 2119 604 2182 currendatos
638 2141 734 2202 nequo
772 2140 842 2182 vero
876 2119 913 2181 ab
948 2119 1108 2181 editoribus
1141 2121 1273 2201 plurimis
1308 2131 1389 2183 recte

257 2226 380 2309 scriptos
404 2221 587 2302 assandae,
613 2223 650 2289 cl.
678 2223 767 2290 1214.
790 2224 818 2288 b.
843 2221 902 2288 24:
938 2217 1058 2303 ἐγένετο
1085 2219 1118 2284 dl
1142 2213 1195 2283 aab
1215 2213 1387 2304 Ἀνδροίῐυί-

257 2350 317 2411 μας
335 2324 473 2407 Ῥηγῖνος
496 2323 668 2408 νομοθέτης
691 2319 878 2387 Χαλκιδεῦσι
911 2335 981 2398 ταῖς
1007 2325 1061 2386 ἐπὶ
1084 2319 1226 2408 Θράκης,
1261 2318 1299 2385 οὗ
1319 2324 1388 2409 περί

257 2453 293 2493 τε
316 2425 361 2492 ταὶ
381 2424 496 2518 φονικοέ
519 2428 572 2489 καὶ
594 2424 654 2502 τοῖς
674 2424 855 2512 ἐπικλήρους
879 2428 975 2503 ἐστίν,
1012 2431 1170 2510 legendnm
1190 2441 1251 2492 est:
1282 2421 1319 2489 οὗ
1336 2425 1387 2490 »τοὶ

256 2534 326 2618 περί
361 2557 397 2594 τε
420 2529 465 2594 τοὶ
493 2527 618 2618 (ρονικοί.
664 2532 817 2595 Articulus
853 2543 950 2595 nuttam
984 2537 1012 2594 in
1045 2534 1179 2596 Politicis
1214 2536 1387 2616 saepissimo

257 2639 382 2714 excidit,
425 2639 467 2700 sic
503 2636 594 2702 1260.
630 2659 656 2702 a.
693 2639 713 2701 4
748 2659 784 2698 ao
819 2654 842 2698 n·
871 2624 1029 2698 Solnrotzia
1068 2646 1098 2697 et
1135 2638 1306 2718 Russowio,
1349 2641 1385 2702 ct'.

257 2741 648 2820 Woirnardabrepbericbt.
675 2737 766 2807 18111.
790 2765 840 2824 pg.
862 2742 891 2815 ὃ,
914 2744 1050 2804 restituto
1070 2763 1148 2804 nunc
1167 2741 1285 2804 demum
1307 2740 1387 2803 locans

256 2849 382 2928 intelligi
400 2856 514 2932 potest:
536 2844 587 2908 καί
609 2836 712 2905 codro
735 2838 828 2918 αὖθίς
848 2838 1077 2928 ὑφήγηται,τά
1099 2843 1170 2925 περὶ
1192 2839 1252 2918 τὴν
1269 2837 1384 2926 Ιψυγγέν.

175 3031 176 3034 ¹
257 2954 349 3020 1338.
371 2953 398 3017 1).
421 2935 477 3017 25:
498 2953 546 3012 ἔτι
567 2943 713 3024 δἀὖτοές
736 2944 815 3023 τοὺς
837 2941 987 3021 Λείιιωνοές
1007 2945 1113 3030 ἴσμεν,
1141 2945 1194 3021 έέας
1215 2948 1270 3032 μὲν
1290 2942 1386 3009 αὐτοὶ

257 3051 462 3140 προςνζδριυον
483 3065 558 3129 ταῖς
576 3053 790 3138 φιλοπονίαις,
812 3048 1028 3136 ὑπερέχοντας
1049 3058 1116 3111 τοῖν
1138 3045 1254 3124 ἄλλων,
1274 3058 1331 3114 νῦν
1352 3049 1386 3112 dl

256 3160 308 3221 καὶ
333 3169 401 3234 τοῖς
423 3157 607 3243 γυμνασίοις
628 3169 682 3219 καί
702 3168 771 3233 τοῖς
790 3162 968 3240 πολεμικοῖς
983 3151 1085 3238 elysios
1109 3154 1307 3238 λειπομένους
1322 3151 1386 3216 ἑτέ·
1462 3208 1464 3212 ,

218 3342 220 3346 .
258 3280 327 3347 ρων·
350 3261 392 3326 οὐ
412 3258 474 3348 γάρ
496 3271 543 3346 τῷ
567 3258 642 3338 τούς
664 3259 749 3337 νέους
772 3258 939 3347 γυμνάζειν
961 3254 1021 3321 τᾶν
1043 3254 1165 3343 τρόπον
1185 3266 1306 3320 τοῦτον
1326 3257 1393 3319 διὲκ

254 3381 362 3453 φέρον,
383 3362 469 3429 ἄλλοί
491 3375 538 3450 τῷ
560 3361 658 3450 μόνον
681 3361 721 3450 μὴ
742 3362 820 3449 πρὸς
843 3359 1024 3436 ἀσκοῦντας
1046 3357 1156 3423 αιἀκεῖν
1179 3358 1318 3445 postsbrc'
1330 3360 1385 3446 plu

253 3464 350 3536 αέτοί
371 3474 459 3540 inser.
481 3464 579 3556 μόνον.
627 3472 717 3540 1309.
740 3473 769 3537 b.
796 3473 826 3537 l:
864 3469 934 3530 οἷον
966 3469 991 3530 εἰ
1022 3461 1232 3551 στρατηγικὸς
1258 3461 1314 3550 μέν
1337 3489 1385 3540 τις

255 3576 310 3663 ⁸1⁴„
346 3571 480 3660 πορηριίς
502 3573 535 3635 dl
559 3575 612 3636 καί.
635 3574 675 3658 μὴ
695 3582 737 3658 τῇ
758 3575 907 3657 πολιτείᾳ
922 3642 925 3651 Ι
941 3573 1044 3656 φίλος,
1076 3569 1093 3632 ὁ
1127 3570 1160 3630 δὲ
1194 3569 1313 3643 δίκαιος
1331 3568 1384 3630 καὶ

254 3681 357 3768 φίλος,
395 3672 461 3754 πῶς
494 3679 542 3740 δεῖ
573 3681 737 3741 ποιεῖσθαι
773 3672 833 3752 τὴν
866 3674 988 3761 αἵρεσιν
1020 3688 1088 3758 pout
1118 3674 1209 3759 φίλος
1233 3679 1320 3739 inser.
1344 3668 1383 3756 pri

186 3823 193 3836 ·
255 3786 466 3872 στρατηγικὰς
488 3784 528 3848 δέ.
575 3789 682 3869 ltaque
713 3807 777 3849 cum
812 3785 890 3847 baud
923 3782 1024 3866 paucis
1043 3782 1115 3844 locis
1139 3783 1286 3844 sententia
1308 3780 1382 3862 ipsa,

255 3903 287 3956 nt
310 3895 351 3955 ita
375 3895 480 3969 dicam,
504 3904 535 3956 ut
557 3894 651 3955 verba
671 3895 845 3968 inserantur,
866 3891 1040 3973 postuletur,
1066 3889 1156 3953 etiam
1179 3889 1215 3948 iis
1238 3887 1311 3947 locis
1332 3885 1383 3947 ubi

254 4020 313 4062 non
335 4008 396 4062 tam
419 4008 540 4083 proptor
562 3999 739 4061 sententiaro
765 4017 853 4080 quam
883 4005 1005 4078 propter
1025 3992 1142 4054 dicendi
1164 3991 1307 4054 rationem
1331 3991 1382 4050 ali·

253 4104 325 4189 quid
350 4103 562 4181 desideramus,
587 4103 679 4166 verba
699 4105 832 4166 inserere
853 4101 949 4164 minus
969 4090 1176 4162 dubitabimus.
