3032 4554
820 155 864 228 5⁶
946 245 948 252 .

278 349 308 410 in
342 349 574 440 interrogatione
602 351 724 434 obliqua
756 353 896 420 adhibita.
953 354 1001 416 Ad
1041 356 1214 439 particulam
1248 348 1288 436 pri
1322 357 1413 440 ellipa

277 452 335 538 tice
370 463 557 536 usurpatam,
589 463 622 516 ut
663 454 717 516 lroc
752 458 875 537 primum
917 476 1071 533 moneam,
1103 457 1163 519 sion
1196 459 1306 540 ubique
1340 479 1405 521 ver·

231 610 233 614 .
279 554 346 616 burn
379 557 501 618 timendi
536 559 632 638 ipsum
667 558 864 640 supplendum
887 571 940 636 est,
974 560 1027 622 scd
1061 561 1139 641 qaod
1173 561 1331 638 Frankius,
1367 565 1404 629 of.

276 657 315 718 de
334 659 484 738 particulis
503 644 688 738 negantibus¹
713 662 832 739 linguae
863 681 987 738 graecae
1020 661 1227 724 commentatio
1251 665 1403 744 lll.'pag.

281 759 505 831 innovabis
540 753 578 818 od
601 754 641 840 pri
662 782 714 844 per
735 764 852 848 ellipsin
876 763 1060 844 explicandis
1091 764 1171 840 dicit,
1206 764 1263 826 huc
1286 760 1410 848 quoque

276 862 415 940 pertinet:
451 863 694 945 „simplicissima
726 886 798 926 sano
831 864 904 926 haec
937 866 1011 926 ratio
1036 866 1205 947 explicandi
1227 875 1281 939 est,
1318 867 1404 928 modo

275 983 312 1022 ne
334 965 466 1026 Graecos
485 965 558 1026 illud
583 961 683 1026 δεινόν
706 966 754 1028 vel
788 967 869 1027 aliud
898 967 1153 1048 vocabulumque
1178 979 1274 1029 suetus
1294 971 1405 1049 signifi·
1461 1035 1465 1043 ,

275 1079 393 1128 caretur
417 1069 524 1148 quovis
545 1067 610 1130 loco
629 1069 722 1140 ,inter
743 1063 781 1127 ori
804 1079 834 1130 et
854 1061 893 1147 μή
915 1080 1015 1129 moute
1037 1080 1067 1130 ot
1088 1068 1266 1147 cogitatione
1286 1069 1404 1153 supple-

174 1205 177 1216 ·
236 1157 239 1163 ’
275 1169 371 1236 visse¹
386 1177 532 1248 putemus,
566 1170 618 1230 scd
652 1172 769 1229 ornnino
793 1168 943 1242 metuendi
966 1172 1014 1229 vel
1036 1171 1158 1231 verendi
1183 1173 1333 1239 notionem
1356 1193 1410 1232 ao*

275 1285 338 1330 turn
361 1271 453 1331 menti
476 1272 661 1330 obversatam
686 1291 752 1332 esso
782 1273 974 1332 statuamus“.
1021 1271 1120 1332 Causa
1142 1292 1211 1333 vero
1233 1293 1284 1332 cur
1305 1273 1343 1332 de
1367 1293 1403 1332 eo

275 1373 438 1452 particulae
459 1366 498 1452 ιυξ
523 1393 577 1433 usu
600 1371 680 1452 apud
705 1373 897 1433 Aristotelem
931 1374 1002 1433 rnilri
1025 1372 1181 1434 dicendus:
1205 1394 1271 1434 esse
1294 1385 1403 1453 putam,

275 1475 348 1534 llaec
372 1485 416 1533 cst
449 1473 527 1554 quod
562 1474 690 1534 editores
715 1474 902 1550 dissentiunt,
925 1485 1022 1534 utrum
1045 1485 1163 1556 praeter
1184 1477 1402 1552 conjunctivum

274 1587 341 1656 post
362 1569 403 1655 μή
424 1585 453 1636 at
475 1569 514 1654 rid
537 1571 575 1632 ori
598 1575 916 1656 indicativusquoque
947 1578 1016 1637 ferri
1050 1579 1143 1658 possit
1179 1597 1282 1656 necne.
1327 1576 1403 1636 Coa·

87 1709 91 1718 ·
160 1745 161 1749 ,
268 1678 420 1756 junctivus
445 1678 565 1758 quideur
589 1666 859 1761 porratur'necessa
883 1676 1008 1750 videtur,
1031 1699 1098 1738 cum
1123 1679 1228 1738 eadem
1252 1681 1281 1737 in
1304 1679 1400 1758 ellipsi

274 1779 436 1859 particulae
457 1771 497 1858 μή
518 1780 593 1838 ratio
615 1780 653 1838 sit
676 1789 766 1858 atque
782 1788 849 1858 post
869 1779 960 1838 verba
975 1778 1105 1852 timendi,
1126 1781 1178 1839 ubi
1193 1779 1271 1860 apud
1288 1776 1402 1839 Aristo·

255 1883 360 1942 telem
383 1880 559 1940 indicativus
575 1882 656 1940 nullo
677 1880 741 1939 loco
764 1879 931 1956 adhibetur,
953 1880 1004 1939 ssd
1028 1879 1187 1941 videndum
1212 1891 1266 1954 est,
1291 1901 1328 1941 ne
1352 1901 1402 1940 eo·

272 2005 335 2044 rurn
356 1981 503 2058 locorum,
537 1983 586 2042 ubi
608 1991 675 2063 post
698 1974 738 2060 μή
757 1981 887 2065 elliptico
910 1993 1080 2062 usurpatum
1117 1983 1293 2044 indicativus
1322 1983 1400 2044 codi-

272 2087 355 2147 cibus
371 2086 505 2162 traditur‚
526 2085 672 2145 sententia
693 2085 751 2144 alia
773 2085 809 2143 sit
831 2093 921 2164 atquo
943 2105 1052 2158 eorum,
1076 2086 1183 2166 quibus
1199 2087 1401 2165 conjunctivus

272 2190 429 2249 invenitur.
474 2187 636 2248 Videamus
656 2187 746 2263 igitur
768 2188 940 2248 accuratius.
988 2187 1202 2266 Oonjunctivus
1217 2189 1307 2264 vulgo
1328 2189 1400 2266 legi·

165 2327 167 2332 ·
272 2302 335 2349 turt
362 2288 431 2349 Pol.
458 2286 551 2352 1291.
576 2309 602 2351 ιι.
628 2289 661 2350 7:
686 2275 703 2344 d
725 2282 853 2344 τούτων
875 2280 970 2344 οὐθέν
993 2279 1094 2355 ἧττόν
1116 2287 1203 2347 ἐστιν
1224 2284 1402 2367 ἀναγκαῖον

274 2383 437 2470 ὑπάρχειν,
476 2389 501 2447 εἰ
524 2385 672 2470 μέλλουσι
696 2382 735 2469 μὴ
760 2382 939 2447 δοιλεέσειν
959 2398 1028 2459 τοῖς
1050 2386 1200 2449 ἐπιοῦσιν.
1226 2384 1265 2470 μὴ
1287 2384 1347 2469 γάρ
1370 2382 1402 2448 έν

273 2497 339 2551 τών
362 2483 533 2550 α’δυνάτσιν
558 2483 572 2572 ᾖ
597 2485 693 2550 πόλιν
716 2484 803 2561 ἄξιον
832 2486 911 2547 εἶναι
936 2491 1044 2549 καλεῖν
1074 2485 1134 2560 τὴν
1163 2483 1255 2572 φύσει
1275 2483 1402 2563 δούλην,

208 2656 211 2664 ,
273 2596 321 2656 nbi
345 2590 550 2677 conjunctivus
572 2583 587 2675 d
610 2588 648 2653 ab
670 2593 830 2655 indicativo
853 2591 941 2650 iotis
964 2593 1051 2653 valde
1075 2593 1197 2678 ‹litiert⁸¹
1219 2593 1400 2658 [1111112.
1461 2607 1464 2616 ¹

273 2700 300 2764 b.
324 2699 382 2762 36:
421 2696 451 2755 οἱ
474 2689 698 2776 δένιστιέιιενσι
722 2692 760 2766 sig
781 2690 836 2753 oda
859 2687 1061 2773 dyanv'od
1094 2689 1191 2753 πάντ’
1217 2694 1339 2776 ἐφίεται
1362 2690 1401 2777 μή

273 2795 370 2859 οὐθέν
391 2793 533 2878 λέγωσιν,
556 2799 607 2860 ubi
628 2800 745 2858 codices
760 2798 922 2858 deteriores
944 2793 989 2858 dib
1012 2798 1057 2856 Nl)
1079 2791 1226 2874 λέγουσιν
1248 2799 1401 2880 praebent.

272 2902 343 2963 Eth.
370 2901 458 2965 11711.
494 2901 523 2962 1).
557 2899 613 2962 24:
649 2895 721 2958 ὁδέ
741 2892 833 2978 λόχος
866 2897 919 2956 καὶ
952 2891 1101 2982 ididam}
1123 2891 1258 2978 μήποτ’
1291 2891 1347 2956 οὐκ
1371 2898 1403 2959 ἐν

272 2995 396 3063 ἅπασιν
413 2994 517 3083 έσχιέῃ,
540 2995 626 3062 ditat
646 3000 697 3083 δέῃ
717 2993 981 3082 προδιειρχσέσθαι
1003 3009 1073 3072 τοῖς
1094 3000 1203 3060 ἔθεσιν
1226 3003 1280 3078 tito
1295 3003 1403 3078 Bekk„
1483 3044 1486 3050 ·

272 3105 319 3168 Ka
345 3104 388 3171 11¹>
410 3100 518 3185 έσχέει,
551 3103 599 3166 Mb
615 3103 661 3166 Ob
683 3097 818 3185 ένισχέη,
858 3101 902 3165 Lb
918 3100 988 3181 δέει,
1010 3101 1059 3163 Mb
1083 3101 1153 3182 dri),
1176 3105 1224 3165 ubi
1247 3096 1339 3186 ἰσχύῃ
1362 3106 1402 3165 lc·

271 3196 400 3291 gendum
417 3211 543 3286 videtur,
567 3220 670 3271 contra
691 3221 786 3270 utrurn
810 3206 858 3266 δεῖ
880 3231 918 3269 an
939 3203 990 3289 δὲῃ
1013 3208 1198 3268 scribendum
1215 3208 1253 3268 sit
1273 3207 1401 3268 dubitari

271 3325 378 3400 potest,
402 3336 469 3378 curn
488 3334 554 3376 eram
579 3315 788 3378 enuntiationis
812 3296 1040 3396 parternsquue
1065 3332 1083 3371 a
1106 3310 1201 3404 verbo
1222 3302 1310 3369 ἀλλσέ
1333 3312 1402 3372 inci-

271 3423 322 3505 pn,
345 3440 401 3482 nou
417 3439 491 3502 opus
513 3420 550 3480 sit
571 3439 610 3480 ax
628 3418 773 3501 particula
794 3410 833 3499 μή
856 3415 997 3498 pendere.
1041 3417 1089 3476 Ex
1111 3415 1192 3492 locis,
1217 3436 1291 3500 quos
1313 3416 1400 3477 modo

189 3601 192 3610 ¹
270 3528 363 3602 attuli,
386 3545 452 3587 cunr
475 3523 593 3586 codices
608 3545 666 3585 non
692 3524 769 3584 intor
786 3544 819 3585 so
842 3523 1035 3596 consentiant,
1057 3521 1156 3598 colligi
1180 3528 1286 3601 potest,
1319 3521 1401 3580 illum

269 3631 432 3714 particulae
454 3620 495 3708 μή
516 3649 601 3690 uratum
630 3648 686 3690 non
716 3628 754 3688 ab
788 3628 925 3717 omnibus
958 3625 1289 3688 librariis‘intellectunr
1326 3643 1402 3698 asse,

269 3733 384 3816 quodsi
399 3733 569 3796 conceditur
584 3733 633 3795 vix
651 3731 772 3793 dubium
788 3732 854 3806 erit,
868 3739 964 3791 utrum
979 3728 1169 3790 indicativum
1185 3729 1222 3791 ab
1238 3728 1401 3791 Aristotele

269 3839 334 3920 ipso
356 3837 521 3900 adhibitum
543 3857 622 3922 anta
643 3836 779 3896 librarios
803 3834 880 3894 salso
893 3831 1042 3915 'scriptum
1066 3852 1134 3894 esse
1148 3831 1336 3894 statuendum
1352 3832 1398 3896 sit.

268 3941 423 4004 Invenitur
445 3951 543 4003 autem
566 3940 760 4003 indicativus:
785 3937 883 4000 Elthic.
909 3935 1000 4010 1172.
1024 3957 1051 3997 a.
1075 3935 1131 4002 33:
1164 3928 1284 4018 μήποτε
1308 3930 1342 3994 δὲ
1364 3925 1402 3992 σέ

267 4039 369 4120 καλῶς
402 4051 504 4106 τοῦτο
535 4043 675 4128 λέγεται,
709 4044 808 4110 ΕῐΙιίσ.
846 4041 934 4110 1173.
956 4063 983 4108 u.
1009 4039 1066 4106 22:
1106 4041 1130 4102 si
1155 4032 1214 4100 δ’έν
1236 4048 1309 4114 ταῖς
1331 4035 1400 4112 ἠδο-
