3032 4554
640 179 776 286 ›n'

136 401 267 493 φιστικὴ
287 414 353 467 τῶν
375 398 612 489 συμβεβηκότων
632 404 687 489 μέν
708 407 767 468 rios
798 417 867 480 τοῖς
889 428 990 499 ocean,
1021 399 1080 487 οὖχ
1103 399 1121 488 ᾗ
1141 400 1262 475 δ’ὅντα.

122 511 231 578 1062.
255 512 285 572 b.
308 510 365 575 33:
401 503 443 569 τό
476 531 510 591 γι
540 504 741 592 μην.ὁμοίως
763 505 928 592 ’προςέχειν
964 493 1038 582 ταῖς
1066 501 1178 583 Ιδόξαις
1209 507 1263 570 καὶ

44 631 47 636 ·
137 621 208 683 ταῖς
230 610 428 693 φαντασίαις
449 619 514 672 τῶν
546 605 624 692 πρός
658 607 790 684 αὐτους
810 606 1128 692 διαμφισβητοῦντων
1147 602 1261 682 εὔηθες.

137 717 186 778 De
206 734 267 795 qua
288 715 392 797 reita
408 712 604 794 judicandum
630 709 698 774 'esse
720 733 843 786 censeo,
877 723 999 775 utcum
1033 709 1067 794 γὲ
1099 707 1159 794 priv
1181 712 1264 774 nullo

137 818 194 878 alio
216 816 282 876 loco
304 816 382 897 apud
405 812 593 882 Aristotelem
615 817 793 890 inveniatur,
816 825 946 877 'constet
970 819 1167 890 autemnam
1189 816 1265 876 liber

137 920 167 980 K
186 937 257 979 vere
281 914 523 996 Aristoteleus*)
557 920 595 978 sit
615 918 703 978 valde
726 917 879 993 dubitari„
899 918 983 978 illum
1006 938 1089 978 usum
1111 937 1292 996 argumen·„
1353 934 1356 938 ·

65 1009 68 1015 ’
137 1029 202 1080 tum
225 1037 291 1078 esse
315 1028 464 1098 putemus,
495 1019 602 1080 librum
625 1020 657 1079 K
678 1040 735 1080 non
769 1019 807 1080 ab
830 1019 993 1080 Aristotele
1027 1020 1091 1099 ipso
1126 1021 1277 1103 scriptum¹
1373 1075 1381 1088 ,

66 1197 70 1206 ⁸
139 1140 215 1181 esre.
260 1118 344 1180 Idem
366 1119 551 1180 efficiendum
573 1128 618 1180 est
642 1141 681 1180 ex
694 1121 847 1200 particulis
870 1113 941 1177 mut
963 1115 1023 1198 μήν
1040 1118 1128 1182 modo
1150 1120 1180 1178 in
1202 1119 1264 1180 hle·

137 1220 358 1302 taphysicorum
392 1220 466 1281 lihro
502 1222 536 1303 K
566 1229 596 1281 et
629 1221 825 1302 Physicorum
858 1222 886 1280 H
916 1222 1084 1300 usurpatis;
1119 1221 1158 1281 cf.
1173 1272 1175 1276 .
1193 1221 1265 1280 Met.
1333 1239 1336 1244 ’
1411 1231 1413 1238 ’

141 1319 232 1386 1059.
264 1321 293 1384 b.
330 1319 386 1383 12:
421 1312 493 1379 odit
529 1315 588 1401 μὴν
620 1318 691 1400 περὶ
725 1315 770 1380 τοὶ
802 1313 1008 1402 μαθηματικοὶ
1041 1316 1059 1391 ἡ
1096 1316 1265 1399 ζητουμένη

40 1412 42 1418 ’
123 1427 195 1492 Ινῦν
229 1419 317 1480 ἐστιν
350 1417 513 1502 ἐπιστήμη,
550 1442 617 1482 curn
652 1407 722 1482 ante
757 1421 882 1484 dixisset
905 1425 1028 1503 primam
1050 1421 1289 1502 philosophiam.
1428 1502 1430 1506 Ι

138 1545 197 1584 1¹01¹
236 1544 302 1585 0⁵⁸0
347 1519 417 1594 718Ρῖ
454 1515 498 1580 τὰ
535 1518 607 1592 εἴδη·
668 1521 760 1586 1059.
804 1524 833 1586 b.
883 1524 938 1596 16,
981 1545 1047 1584 cum
1068 1595 1070 1600 Ι
1088 1523 1266 1585 antecedant
1378 1573 1382 1579 .

125 1625 244 1703 uerba:
290 1613 368 1696 ὅλως
404 1617 431 1681 δ’
457 1616 622 1704 ἀπορήσειέ
643 1645 691 1695 τις
727 1618 768 1683 ἄν
803 1622 900 1696 ποίας
923 1621 1013 1682 ἐστὶν
1033 1617 1200 1704 ἐπιστήμης
1222 1617 1277 1682 τὰ
1302 1671 1305 1676 .

139 1724 332 1808 διαπορῆσαι
349 1747 351 1752 ·
368 1722 439 1806 περὶ
471 1730 527 1796 τῆς
562 1731 628 1786 τῶν
667 1727 898 1806 μαθηματικῶν
932 1716 1009 1796 ὕλης·
1038 1728 1149 1808 pergit:
1191 1717 1265 1784 οὔτε
1306 1743 1307 1747 ’

131 1821 201 1909 ’γάρ
235 1833 290 1900 τῆς
322 1834 469 1909 φυσικῆς,
506 1820 560 1885 dcci
581 1821 621 1885 τὰ
643 1826 713 1908 περὶ
739 1813 780 1888 τοὶ
811 1817 929 1906 ἔχοντα
965 1825 996 1884 ἓν
1028 1823 1140 1898 αὐτοῖς
1167 1821 1267 1907 ἀρχὴν
1368 1847 1369 1850 ’

139 1925 280 2002 κινήσεως
302 1927 355 1988 καὶ
377 1923 521 2000 στάσεως
552 1922 612 1999 τὴν
637 1935 699 2003 τοῦ
725 1935 860 2014 φυσικοῦ
883 1915 997 1988 πᾶσαν
1020 1926 1099 1988 εἶναι
1120 1950 1265 2011 πραγμα-

66 2024 75 2078 Ϊ
140 2029 239 2105 τείαν,
278 2027 349 2091 οὐδὲ
378 2027 437 2112 μὴν
465 2037 519 2104 τῆς
541 2025 721 2105 σκοπούσης
745 2031 815 2114 περὶ
838 2025 1022 2104 ἀποδείξεώς
1043 2049 1083 2093 τε
1115 2029 1168 2091 καὶ
1202 2031 1281 2102 ι’πι·Ι

140 2129 271 2215 deriput,
293 2137 382 2197 itaut
403 2127 461 2216 μήν
480 2135 603 2202 alteram
618 2134 823 2216 disjunctionis
843 2145 955 2219 partem
970 2146 1104 2216 urgueat,
1128 2135 1267 2217 adquam

140 2259 202 2300 rem
224 2240 402 2301 Aristoteles
428 2239 491 2320 ipse
526 2229 582 2311 αὖ,
614 2260 671 2300 non
694 2231 752 2320 μήν
774 2239 824 2317 vel
847 2234 902 2316 δή,
936 2238 1065 2302 adhibet.
1109 2239 1206 2300 Locus
1229 2260 1267 2302 ex

132 2343 279 2425 'Physicis
296 2341 406 2402 hiceet
427 2339 500 2408 245.
516 2356 543 2406 a.
573 2341 625 2406 12:
652 2334 735 2401 cioca
751 2336 845 2431 ἕΰδὲν
867 2344 961 2401 ι”σται
982 2334 1101 2422 μεταξῦ
1122 2349 1187 2401 uos
1210 2334 1267 2402 οἶλ·
1401 2415 1404 2422 γ

140 2441 322 2526 λοιουμὲνοιτ
354 2442 407 2503 καὶ
437 2451 499 2502 τοῦ
521 2437 737 2524 α’λλοιουντος.
772 2437 844 2503 οὐδὲ
867 2438 927 2524 μὴν
959 2450 1020 2502 τοῦ
1056 2437 1269 2526 αὐξανομένου
1383 2453 1389 2470 ’

142 2544 255 2607 τεκαὶ
290 2539 453 2627 αὔξοντος,
489 2548 542 2610 sed
576 2549 665 2609 etiam
697 2569 734 2608 ex
762 2530 812 2609 illo
845 2546 1006 2630 quidquam
1040 2546 1078 2608 ad
1102 2549 1270 2612 Aristotelis

144 2660 238 2714 usum'
254 2647 332 2713 effici
354 2672 442 2735 posse
477 2672 565 2732 nego,
605 2671 670 2713 cum
701 2651 775 2713 iiber
807 2652 836 2711 11
858 2672 926 2712 num
949 2651 987 2713 ab
1008 2651 1168 2712 Aristotele
1200 2653 1269 2712 sori·

141 2765 209 2838 ptus
234 2750 334 2838 eit**)
355 2754 442 2817 valde
464 2754 623 2816 dubitetur.
1088 2743 1091 2759 ³
1270 2747 1273 2753 ’

227 2859 336 2941 Itaque
358 2858 547 2939 statuendum
579 2866 625 2918 est
643 2857 835 2919 Aristotelem
856 2857 1030 2938 particulam
1065 2850 1132 2937 μην·
1156 2865 1269 2917 tautum

144 2960 232 3021 modo
256 2970 322 3044 post
344 2945 434 3020 odet
457 2951 541 3018 ἄλλο’
563 2980 686 3041 ponere.
730 2961 816 3035 Quae
841 2980 908 3021 eum
937 2960 978 3019 ita
1001 2959 1059 3019 sint
1082 2978 1182 3019 omnes
1204 2979 1271 3019 con·
1328 2956 1334 2972 ’

38 3083 41 3093 ·
84 3071 90 3082 “
137 3065 282 3144 jecturae,
316 3062 422 3141 quibus
458 3055 517 3142 μήν
541 3063 598 3123 alio
619 3061 708 3122 modo
742 3072 915 3144 usurpatum
946 3063 978 3127 in
1000 3069 1113 3121 textum
1137 3061 1270 3134 insertur,
1303 3054 1306 3060 ’

145 3163 324 3244 rejiciendae
348 3173 426 3240 sunt,
451 3166 535 3245 cujus
557 3166 600 3226 rei
621 3175 653 3225 ut
674 3185 764 3225 unum
787 3164 955 3245 exemplum
977 3165 1114 3225 afferam:
1140 3162 1272 3241 Scaliger

116 3259 193 3344 s(cs.
219 3267 357 3341 Oncken,
389 3267 452 3328 Eos
474 3268 500 3328 1.
539 3267 623 3346 111.)
657 3267 765 3348 injuria
795 3267 867 3332 Eth.
906 3266 997 3331 1146.
1020 3288 1047 3329 a.
1072 3265 1111 3328 12
1143 3265 1272 3326 scribare

62 3379 65 3385 '
142 3370 221 3430 vult:
264 3360 389 3428 πολλοῦ
410 3362 469 3450 μὴν
492 3366 540 3429 δεῖ
562 3390 604 3449 ys.
649 3368 708 3431 Sed
731 3363 956 3431 ab'Aristotele
988 3369 1052 3449 ipso
1087 3367 1176 3428 distat
1199 3387 1271 3428 usus

142 3473 347 3534 nonnullorum
361 3473 502 3534 librorum
524 3473 746 3534 subditiciorum
769 3483 800 3533 et
814 3471 1024 3553 Theophrasti,
1057 3491 1125 3532 cum
1152 3478 1269 3552 practer

211 3762 237 3828 *)
254 3760 309 3813 vid.
332 3758 434 3812 Bonita.
462 3742 602 3814 comment.
629 3762 656 3812 iu
684 3760 831 3829 metaphys.
864 3776 924 3827 pag.
953 3761 993 3822 1⁵,
1020 3763 1063 3824 22,
1090 3762 1132 3811 2³.
1168 3759 1272 3811 Valent.

145 3849 224 3901 Rosa.
241 3847 273 3899 de
294 3847 447 3899 Aristotelia
465 3848 594 3900 librorum
612 3847 704 3899 ordina
721 3853 747 3900 et
766 3847 933 3914 auctoritato.
948 3847 1008 3914 pag.
1029 3848 1086 3899 1⁵6.
1288 3843 1302 3854 “

189 3935 240 4001 .**)
263 3935 301 3991 Cf.
322 3937 404 3986 Titne.
435 3933 468 3985 de
488 3933 770 4003 Aristotelis.operum
798 3934 867 3985 serie
895 3938 921 3983 et
948 3932 1119 3984 distinctione
1144 3948 1205 4000 pag.
1231 3933 1273 3984 48.
1327 3961 1329 3965 ·

145 4021 268 4089 Spengel.
287 4021 419 4073 Abhaudl'.
437 4019 483 4072 der
504 4022 581 4090 Bayr.
600 4020 746 4073 Akademia
771 4019 818 4072 der
836 4018 997 4072 Wisaensch.
1033 4017 1273 4088 Philon-philolog.
1309 4053 1311 4056 -

145 4105 241 4158 Classe.
262 4107 310 4159 111.
332 4125 394 4175 pag.
411 4109 558 4162 eae-339.
594 4108 698 4160 Valent.
716 4109 784 4160 Boeo
804 4107 821 4158 l.
840 4108 857 4159 l.
874 4123 936 4176 pag.
959 4109 1017 4170 199,
1034 4103 1108 4160 203.¹
