3032 4554
632 193 808 270 .4.

194 389 413 480 ὑπολαμβάνοι
436 386 540 472 ἀληθῆ
562 393 642 460 εἶναι
671 388 719 456 rol
744 404 866 480 σημεῖα,
910 397 959 460 De
981 398 1016 460 iis
1038 406 1135 460 autem
1158 418 1233 481 quae
1255 420 1315 462 nra·

192 503 238 578 gis
260 503 290 561 in
314 503 482 562 universum
505 512 639 582 spectent
660 522 719 562 non
742 511 802 562 tam
835 503 998 563 accuratius
1023 500 1122 563 dicere
1144 525 1232 583 quam
1255 526 1315 564 mo·

192 619 263 660 nere
287 599 372 676 hujus
391 609 437 660 est
459 599 679 671 dissertationis,
704 619 764 680 qua
783 602 818 658 in'
835 601 911 660 lrnnc
930 601 1059 666 niaxime
1074 623 1135 660 rem
1165 604 1315 680 inquirere

88 767 99 788 ,Ἴ
181 699 261 758 ‘mihi
285 700 433 782 proposui,
464 699 612 779 quomodo
646 701 769 778 singulis
800 697 951 780 particulis
972 691 1151 761 Aristoteles
1169 721 1240 761 usus
1263 704 1315 774 sit,

191 811 333 882 quantum
357 821 428 861 vero
449 801 538 861 etiam
560 800 636 862 tales
669 821 716 862 res
749 821 825 882 quae
852 810 993 882 putantur
1013 802 1226 862 minutissimae
1250 821 1316 863 csse
1385 832 1387 835 ·

193 901 230 962 ad
266 902 436 982 scriptorem
467 902 572 963 melius
607 902 830 982 intelligendum
865 903 1004 983 prodesse
1038 907 1171 983 possint,
1206 905 1316 984 optime

191 1004 345 1065 Bonitaius
366 1003 580 1064 demonstravit
601 1004 833 1079 (observationes
855 1006 972 1066 criticae
986 1005 1015 1064 in
1034 1000 1204 1066 Aristotelis
1225 985 1315 1066 libros

189 1107 407 1190 metaphysicos
429 1125 498 1186 pag.
521 1093 667 1186 li-Sl.*)
711 1102 772 1169 Sed
796 1130 854 1189 quo
886 1094 980 1191 major
1007 1109 1119 1168 fructus
1142 1130 1180 1168 ox
1201 1109 1314 1169 Aristo·

187 1210 255 1274 telis
267 1208 382 1274 dicendi
405 1209 519 1270 ratione
542 1195 706 1272 accuratius
726 1211 880 1273 tractanda
903 1211 1014 1292 percipi
1035 1220 1144 1291 potest,
1168 1230 1203 1271 co
1220 1213 1314 1289 magis

185 1313 344 1377 dolendum
368 1323 412 1374 est
435 1316 581 1376 nerninem
613 1315 676 1376 fore
699 1313 737 1374 de
772 1335 808 1376 ea
847 1337 878 1376 re
903 1314 1080 1396 disputasse.
1129 1315 1204 1377 Cum
1237 1317 1314 1376 enirn

187 1428 216 1478 ot
238 1417 408 1478 Aristotelis
431 1418 616 1500 philosophia
642 1419 820 1499 explicanda
842 1431 871 1480 et
893 1419 1017 1498 singulis
1040 1420 1155 1500 scriptis
1189 1419 1314 1479 edendis

188 1520 265 1583 haud
290 1522 376 1602 pauci
404 1522 458 1583 viri
483 1522 604 1599 egregii,
634 1524 764 1583 maxime
787 1523 967 1598 Braurlisius,
994 1521 1313 1596 Bekkerrrs,'l'1·cnde-

125 1688 134 1712 κ
191 1626 361 1703 leuburgus,
385 1625 571 1706 Spengulius,
593 1627 754 1702 Bouitzius,
772 1629 882 1708 optimo
900 1629 1074 1700 moruermt,
1095 1635 1194 1687 tamen
1217 1625 1256 1686 dc
1271 1625 1313 1685 ‹li-
1335 1659 1336 1664 1
1414 1642 1416 1648 '

189 1729 274 1790 coruli
297 1730 409 1789 ratione
447 1729 476 1786 iu
499 1729 667 1788 uuiversum
701 1729 819 1810 quidem
847 1752 933 1791 nemo
966 1730 1128 1811 quidquam
1154 1729 1315 1809 disputavit

186 1843 304 1914 practer
328 1831 501 1904 llonitzium‚
534 1832 633 1912 quiin
657 1833 808 1911 praeclara
829 1833 880 1892 illa
904 1833 1149 1893 commentatione
1182 1831 1311 1904 „Aristo

185 1934 306 1994 telische
328 1931 452 1992 Studien
487 1933 527 1994 ll.
553 1952 581 1996 ιι.
604 1934 685 1991 ΙΙΙ.“
720 1935 848 1994 unanime
870 1934 919 1992 ‘do
952 1935 1169 1992 enuntiatorum
1199 1936 1314 1993 ratione

100 2062 102 2067 ·
134 2079 137 2088 .
185 2032 276 2114 (quod
301 2033 419 2114 quidum
440 2034 643 2094 difficillimum
666 2044 696 2095 et
718 2036 924 2112 gravissimum
941 2037 1003 2112 ost),
1020 2034 1103 2117 dixit,
1126 2034 1164 2096 dc
1188 2037 1315 2114 singulis

184 2137 334 2218 particulis
357 2157 453 2216 lrnuca
475 2138 581 2201 attulit.
627 2138 712 2213 Quae
735 2159 800 2199 cum
838 2141 880 2200 ita
902 2140 960 2198 sint
994 2137 1024 2197 id
1049 2137 1127 2218 quod
1163 2159 1219 2216 ego
1252 2160 1315 2200 sus-

187 2239 252 2319 cepi
277 2241 339 2298 sore
361 2259 448 2319 spero
470 2249 502 2300 ut
525 2240 689 2301 homiuibus
719 2241 896 2318 doctis'uon
919 2245 1037 2321 prorsus
1065 2260 1315 2322 supervacaneam
1410 2258 1414 2268 “

186 2341 331 2404 videatur.
783 2401 784 2406 ,

269 2443 347 2519 Legi
371 2453 478 2520 nutem,
512 2453 545 2504 ut
573 2446 740 2507 Aristotelis
772 2445 889 2506 (licendi
921 2448 1065 2507 rationem
1095 2449 1315 2524 cognoscerem,

108 2581 110 2587 ι
184 2567 221 2606 cx
245 2547 337 2626 ipsius
362 2548 477 2626 scriptis
497 2546 711 2628 Metaphysica,
735 2547 874 2629 Physica,
899 2550 987 2610 libros
1009 2550 1046 2609 de
1080 2551 1186 2623 anima,
1208 2550 1316 2609 llthiea

183 2648 393 2720 Nicomachea,
416 2649 551 2723 Politice,
574 2641 741 2725 Rhetorica,
775 2651 909 2725 l'oetica3
946 2653 1049 2728 exiis,
1079 2672 1156 2732 quae
1178 2651 1316 2712 videntur

182 2753 335 2836 supposita
357 2773 433 2825 csso,
466 2735 573 2812 lithicn
596 2753 750 2828 lludcmiu,
775 2754 887 2832 Magna
908 2755 1042 2828 hloralia,
1064 2756 1172 2814 librum
1194 2753 1315 2824 devir·
1400 2839 1401 2842 Ἴ

180 2858 294 2918 tutibus
318 2864 348 2915 ct
372 2857 458 2930 vitiis,
494 2855 698 2932 Oeconomicn,
722 2857 882 2918 Rhetorica
906 2858 944 2918 tul
966 2857 1179 2932 Alexandrum,
1209 2857 1317 2917 librum

187 2960 225 3021 de
247 2958 447 3040 Xenophane,
467 2959 606 3036 Zenona,
621 2959 735 3038 Gorgia
753 2957 798 3038 (ut
814 2961 904 3040 arrigo
918 2962 1107 3037 inscribitur),
1129 2961 1315 3045 Physiogno·
1350 2960 1352 2964 ’

100 3047 102 3054 ,
183 3065 274 3140 mica,
315 3073 471 3144 practerea
491 3084 529 3123 ex
553 3062 755 3151 Theophrasti
787 3063 869 3125 libris
903 3059 1053 3126 historiam
1091 3066 1255 3147 plantarum
1287 3073 1317 3125 et

184 3169 387 3242 characteres,
410 3175 442 3227 ut
465 3167 670 3245 intelligerem,
701 3186 759 3250 quo
783 3168 868 3230 modo
891 3169 1058 3232 Aristotelis
1081 3169 1174 3251 ipsius
1196 3167 1313 3230 dicendi

179 3273 254 3332 ratio
276 3271 315 3333 ab
340 3261 404 3350 ejus
427 3270 580 3352 discipulis
597 3271 727 3332 dilierat.
773 3275 806 3332 lu
831 3272 980 3353 particulis
995 3273 1156 3333 tractandis
1171 3274 1213 3332 ita
1226 3269 1313 3349 egum

180 3385 212 3438 ut
234 3376 362 3438 nrrrxime
384 3395 470 3436 usum
493 3374 663 3438 Aristotelis
688 3377 717 3437 iu
738 3377 907 3438 universum
924 3376 1091 3458 explanare·
1108 3374 1252 3449 studeam,
1274 3373 1313 3436 de

180 3480 305 3561 siugulis
329 3481 401 3542 locis
422 3480 607 3563 explicandis
622 3480 670 3542 vol
695 3480 888 3543 cmcrulandis
911 3480 1039 3542 breviter
1061 3479 1167 3556 dicam,
1188 3481 1257 3562 quia
1273 3501 1315 3542 exv
1356 3551 1357 3556 η

181 3670 274 3682 ...σω
278 3671 336 3680 .....-
340 3673 342 3678 .
346 3670 386 3680 ιιι..

246 3773 271 3842 *)
297 3772 331 3824 cl'.
352 3769 519 3839 Bernhardy:
550 3771 746 3842 paralipomena
773 3773 893 3844 syntaxis
921 3773 1038 3825 Graecae
1061 3773 1081 3836 1,
1116 3775 1172 3826 thr
1202 3773 1309 3839 „Parati

165 3865 239 3916 ,sunt
257 3865 283 3911 et
302 3860 327 3910 iu
346 3866 469 3928 promptu
488 3860 567 3928 positi
585 3861 726 3926 scriptores
738 3859 907 3925 nobilissimi,
923 3877 1034 3928 qaorum
1050 3856 1221 3914 elocutionem
1233 3877 1309 3912 usuro

179 3964 209 4002 re
240 3948 349 4001 erraturis
373 3949 479 4016 quidem
500 3949 578 4000 lineis
607 3948 753 4016 critiunquo
783 3948 931 4001 subtilitate
957 3948 1082 4015 digessit:
1107 3950 1179 4000 uelut
1209 3950 1309 3999 Aristo.

178 4037 239 4090 telis
256 4051 320 4104 opes
339 4037 385 4090 vix
404 4036 474 4088 ultra
491 4052 596 4103 sparsas
614 4035 738 4102 quasdam
760 4037 956 4090 observationes
974 4037 1170 4092 inu·otuorunt.“
1207 4036 1240 4088 ci.
1260 4037 1309 4086 Bo·

177 4125 238 4177 nita.
256 4122 397 4177 lorraischc
417 4123 661 4190 Literaturucituug
684 4125 758 4182 ists.
793 4140 854 4192 pag.
874 4125 933 4176 846.
