3032 4554
823 165 867 236 rr
943 117 982 153 ”

283 358 407 420 Studien
431 361 463 422 11
485 369 515 422 et
535 361 593 425 111.
614 382 684 444 pag.
707 358 756 433 25,
778 357 828 435 29,
850 359 901 436 30,
932 360 982 432 33,
1018 360 1068 435 64,
1097 370 1128 422 ut
1154 360 1192 422 de
1216 381 1253 423 ea
1273 380 1304 422 re
1326 358 1409 442 quid·

282 481 371 543 quarn
392 462 501 523 addere
529 484 587 522 non
607 484 680 544 opus
703 464 750 524 sit.
796 462 856 524 Seri
891 463 946 522 hoc
980 463 1100 547 videtur
1133 464 1311 524 monendum
1334 482 1409 526 esse·

280 564 456 645 particulam
480 558 519 634 'rin'
543 566 572 625 vi
595 566 785 626 consecutiva
807 567 836 625 in
861 566 926 626 ahia
951 566 1033 626 libris
1056 567 1243 647 saepissime,
1276 568 1305 626 in
1327 564 1409 625 *aliis

280 667 352 730 raris
383 688 448 728 mro
484 668 536 732 uti.
582 668 762 749 Saepissime
797 669 875 730 enim
911 671 953 729 ita
985 669 1142 731 adhibetur
1175 671 1205 730 in
1239 669 1409 728 Ethicorum

279 768 362 828 libris
386 768 471 830 v111.
496 770 552 835 lx.
576 772 615 846 X,
639 774 733 832 rarius
754 773 783 831 in
805 773 851 858 111
868 780 898 830 et
914 772 966 844 IV,
989 772 1135 842 nonnullis
1157 780 1270 832 tantum
1292 771 1365 830 iocis
1379 772 1410 858 in

278 871 303 935 Ι.
328 871 369 930 11.
392 870 428 936 V.
453 872 507 937 vl.
534 875 608 949 VII;
643 873 858 954 hietaphysico,
882 863 1021 954 Physica,
1057 875 1122 935 lihri
1144 874 1182 934 de
1205 875 1303 936 anima
1325 873 1409 954 quasi

277 973 307 1034 in
331 973 428 1036 modio
451 977 548 1057 posito
567 988 634 1038 sunt
667 971 743 1037 inter
764 989 930 1058 postremos
951 977 1122 1039 Ethicorurn
1146 978 1235 1038 libros
1262 990 1300 1036 'et
1333 976 1410 1036 Rho·

222 1093 226 1114 ·
276 1079 379 1153 torisa,
415 1080 544 1154 Portica,
580 1081 717 1155 Politice,
755 1081 803 1142 uhi
836 1081 983 1142 rarissime
1007 1075 1045 1150 riri
1074 1102 1138 1141 eam
1163 1081 1409 1161 significationem

276 1181 375 1246 habet.
422 1183 595 1260 Quaeram
621 1186 663 1246 ita
685 1186 743 1246 sint
766 1187 794 1246 in
821 1185 866 1246 hia
890 1186 1019 1265 scriptis
1039 1196 1088 1246 aut
1120 1186 1207 1246 oiiom
1237 1184 1410 1266 particulam

277 1287 374 1346 locum
397 1288 561 1366 particulae
583 1281 621 1356 δή
644 1289 778 1348 obtinere
801 1309 876 1366 opus
900 1300 943 1346 est
978 1300 1029 1347 out
1063 1298 1154 1348 totam
1185 1288 1302 1347 dicendi
1325 1288 1436 1370 ratio·-

276 1408 343 1448 nem
367 1390 455 1450 aliam
478 1411 554 1460 csse,
574 1389 646 1450 iliud
670 1393 779 1451 sactum
803 1393 899 1450 estin
924 1391 1064 1461 l'oiiticia
1100 1392 1148 1449 ubi
1170 1386 1281 1447 τοίνυν
1301 1391 1412 1468 saepis·

278 1490 352 1551 sime
373 1493 530 1565 invenitur,
552 1493 608 1552 hoc
631 1494 659 1552 iu
675 1493 849 1564 Rhetoricis,
875 1492 911 1552 de
935 1493 1042 1574 quihus
1058 1495 1135 1554 infre
1154 1492 1259 1564 dicam,
1281 1490 1318 1551 do
1334 1492 1411 1550 Poe⁴

276 1596 343 1656 ticis
366 1593 528 1676 quidquam
551 1595 730 1656 contendere
764 1607 885 1678 proptor
919 1617 1040 1678 parvum
1077 1599 1144 1658 libri
1165 1597 1307 1657 ambitum
1331 1592 1409 1654 haud

278 1718 369 1760 ausus
392 1701 456 1760 sim.

362 1804 462 1864 Pauca
484 1802 621 1865 addenda
640 1814 707 1864 suut
728 1804 766 1864 de
788 1799 826 1876 δή
852 1827 917 1867 cunr
940 1807 1124 1886 imperative,
1155 1806 1185 1864 in
1210 1803 1411 1864 enuntiatione
1436 1885 1440 1891 ¹

262 1910 498 1988 interrogativo.
537 1919 604 1992 post
635 1909 791 1970 relativum
814 1907 954 1973 adhibito.
1000 1908 1044 1978 hn'
1067 1930 1133 1970 cnm
1154 1909 1329 1990 imperativo
1352 1928 1411 1970 non
1490 1973 1492 1978 ,

280 2037 317 2078 ca
338 2015 378 2074 uti
402 2036 489 2095 posse
512 2013 726 2092 significatione
759 2023 883 2096 apparet
904 2036 991 2096 quom
1011 2014 1090 2094 opud
1114 2015 1230 2074 Atticos
1253 2013 1351 2086 hahet,
1380 2022 1412 2071 ut

279 2127 444 2200 ursurpetur,
474 2119 497 2176 si
515 2111 586 2197 'quis
607 2137 672 2178 cum
705 2119 733 2178 vi
757 2118 794 2178 ah
814 2119 1049 2199 remquamhrm
1075 2115 1285 2198 perficiendam
1309 2115 1409 2176 admo·
1436 2193 1438 2198 ,

199 2240 212 2254 ·
278 2232 373 2287 astru.
419 2222 514 2298 Quem
538 2221 615 2282 euim
638 2231 724 2302 putas
740 2209 742 2214 ¹
758 2221 795 2281 ah
820 2221 980 2283 Aristotele
1014 2219 1190 2282 admoneri?
1233 2221 1339 2301 Itaque
1361 2222 1412 2280 im·

209 2307 216 2315 m
278 2329 431 2408 pomtivus
465 2347 530 2388 cum
563 2327 665 2404 vigore
696 2325 823 2407 quodam
858 2347 910 2405 pro
933 2324 1093 2385 indicativo
1116 2326 1231 2405 positus
1254 2333 1300 2384 est
1321 2333 1411 2404 atque

279 2423 317 2503 δι’
338 2434 380 2492 ita
402 2429 620 2511 explicandum,
642 2440 674 2490 ut
698 2452 760 2490 rem
781 2432 865 2512 quasi
888 2431 1073 2490 manifestam
1097 2429 1205 2506 nostris
1228 2428 1320 2487 oculis
1343 2428 1437 2488 sub··

274 2537 369 2616 jiciat.
415 2535 544 2595 Maxime
569 2536 597 2594 in
621 2533 789 2595 Rhetoricis
813 2525 851 2605 δή
873 2537 914 2594 ito
937 2533 974 2594 ad
997 2554 1047 2593 cas
1070 2533 1206 2592 notiones
1228 2531 1412 2591 definiendas

278 2649 436 2720 usurpatur
470 2639 578 2720 quibus
611 2647 674 2697 tota
707 2639 855 2720 inquisitio
888 2658 965 2718 quae
997 2638 1129 2716 sequitur
1167 2645 1199 2694 ut
1235 2635 1277 2694 ita
1316 2633 1411 2695 dicam

279 2745 390 2809 nititur.
446 2737 494 2803 Cf.
531 2740 623 2807 13113.
660 2743 689 2802 b.
723 2744 760 2808 h‘:
807 2728 1015 2822 διορισάμενοι
1053 2729 1109 2797 οὗν
1140 2730 1181 2796 cri
1214 2729 1334 2797 οἶᾶικεῑν
1365 2735 1411 2796 λέ·

279 2867 379 2928 γοιιιεν
408 2837 480 2917 ἑξῆς·
511 2848 593 2904 lirum
628 2838 666 2916 δὴ
696 2837 737 2903 τι)
770 2840 890 2905 οἶδικεῐν
915 2837 956 2904 τό
994 2835 1150 2922 βλάπτειν
1171 2835 1288 2900 ἑκόντα
1322 2839 1411 2919 παρὰ

279 2943 340 3009 τόν
362 2942 469 3032 νόμον,
494 2948 708 3034 1353126,
734 2948 825 3014 1360.
848 2950 876 3011 b.
906 2949 953 3024 14,
977 2944 1068 3012 1362.
1095 2968 1121 3010 a.
1145 2947 1196 3024 21,
1221 2944 1313 3011 13113.
1338 2945 1366 3011 b.
1383 2946 1411 3020 8,

214 3105 224 3122 .
281 3053 374 3118 1373.
403 3074 430 3115 a.
458 3052 510 3130 31,
548 3052 639 3118 1380.
669 3074 695 3116 a.
727 3055 755 3127 7,
792 3053 820 3116 b.
843 3052 893 3126 35,
934 3051 1024 3116 1382.
1055 3072 1081 3110 u.
1103 3049 1153 3124 21,
1192 3049 1283 3115 1383.
1309 3050 1336 3113 b.
1361 3046 1410 3122 13,

194 3215 196 3220 .
281 3155 373 3221 1385.
397 3177 423 3218 a.
448 3156 496 3226 17,
515 3156 545 3217 b.
569 3153 619 3219 13.
663 3157 771 3216 Rarius
795 3157 845 3217 ills
880 3176 949 3215 nsua
987 3157 1014 3214 in
1038 3155 1141 3213 ceteris
1163 3155 1279 3232 scriptis
1300 3151 1410 3211 inveni·

279 3271 340 3335 tur3
365 3259 417 3320 sed
441 3259 592 3318 norrnuilis
616 3259 697 3333 iocis,
723 3259 852 3319 maxime
882 3260 1086 3340 Physicorum‚
1123 3249 1161 3326 δή
1195 3275 1262 3315 curu
1289 3255 1413 3333 impera·

278 3365 340 3425 tivo
363 3372 530 3442 usurpatur,
565 3364 614 3422 ubi
643 3363 768 3443 scriptor
792 3361 829 3421 ad
855 3363 1046 3432 sententiam,
1079 3381 1167 3440 quam
1190 3368 1257 3418 ante
1281 3356 1410 3436 protulit,

208 3447 210 3451 ,
281 3465 483 3527 illustrandam
522 3466 692 3544 exemplum
731 3466 795 3546 ipsc
832 3465 928 3543 fingis·
974 3464 1066 3546 Phys.
1101 3463 1173 3530 266.
1206 3481 1232 3521 a.
1269 3457 1411 3524 10-16:

234 3579 235 3582 ’
272 3560 350 3633 Ὀτι
373 3563 405 3627 δὲ
427 3562 519 3628 τούτ’
555 3561 658 3650 ἀμερὲς
688 3563 867 3648 ἀναγκαῖον
900 3565 980 3626 εἶναι
1010 3565 1063 3627 καὶ
1097 3562 1191 3648 μηδὲν
1224 3565 1304 3638 ἔχειν
1328 3560 1411 3643 μέγε-

280 3675 347 3749 θος,
382 3678 437 3732 νῦν
459 3667 602 3751 λέγωμεν,
627 3677 757 3752 πρῶτον
790 3668 859 3752 περὶ
893 3662 959 3729 τῶν
993 3665 1155 3750 προτέρων
1184 3655 1288 3725 aaron
1318 3662 1411 3745 διορί-

280 3794 404 3846 σαντες.
428 3765 555 3834 τούτοιν
570 3765 630 3832 δ’ἒν
650 3758 704 3856 μέν
719 3771 806 3831 ε’στιν
828 3761 879 3830 ὅτι
895 3767 954 3851 οὐχ
975 3768 1082 3832 οἷόντε
1104 3762 1195 3829 οὐδὲν
1216 3763 1411 3850 πεπερασμέ·
1433 3813 1436 3816 .

280 3901 335 3940 νον
358 3888 452 3938 κινεῖν
467 3871 597 3958 ἄπειρον
611 3871 736 3960 χρόνον.
759 3873 833 3959 τρία
857 3867 919 3956 yu'p
942 3873 1020 3950 ἐστι,
1050 3868 1088 3933 τὸ
1111 3865 1226 3947 κινοὺν,
1248 3864 1289 3932 τό
1311 3865 1410 3930 κινού·

279 4003 383 4064 μενον,
405 3973 445 4042 oi
468 3981 499 4040 ἐν
522 3974 545 4061 ᾦ
568 3980 680 4064 ‘cpi-ror
700 3975 717 4036 ὁ
741 3973 863 4062 χρόνος,
891 3985 1006 4038 ταῦτα
1028 3973 1061 4036 «ti
1085 3966 1101 4050 ἦ
1127 3967 1372 4058 ποίνεοᾶπειρα
1394 3963 1425 4045 rh

1155 4179 1183 4203 ιθ
