3032 4554
823 197 885 268 m
977 179 980 186 ’

300 390 456 453 Nonnullis
487 392 560 455 locis
581 389 615 453 δι’
636 395 679 455 ita
701 395 847 454 sententia
871 395 1010 471 negativa
1033 393 1228 485 antecedente
1257 394 1424 471 adhibetur

300 503 334 554 ut
358 489 499 556 candem
501 515 590 576 quam
610 497 700 574 vulgo
723 488 809 553 ἀλλά
832 494 921 554 habet
943 497 1001 555 vim
1016 481 1154 575 accipiat.
1198 495 1263 560 Pol
1290 496 1383 562 1326.
1399 521 1425 560 ιι.

302 591 440 660 12ει1ιῐ
474 591 652 674 δὲμᾶλλον
675 618 714 675 μη
737 596 776 667 εἰς
800 589 840 654 τὸ
862 597 1029 667 πλήθος’
1007 617 1047 668 εις
1072 593 1103 654 dl
1129 591 1263 676 doraum
1289 593 1425 677 ἀποβλέ-

143 755 146 761 ,
240 783 241 788 ¹
298 715 375 760 πιιν.
422 697 492 761 Met.
519 698 608 763 1061.
633 720 659 762 ιι.
682 697 739 762 233
772 689 817 778 ιιὴ-
842 689 902 755 τοῦ
932 689 1008 758 ὅλου
1026 691 1134 778 λόγου,
1158 720 1219 757 του
1241 698 1426 759 τελευταίου

299 793 332 854 dl
354 794 462 870 sidero.
500 791 537 859 de
570 801 668 862 anima
699 799 823 864 4091).
849 799 902 862 28:
941 793 997 857 odor
1030 797 1155 858 ἔστιδὲ
1186 796 1269 880 μόνα
1303 808 1425 873 ταῦτα,

205 932 207 937 ·
299 892 459 982 nohhoi'ill
483 899 536 958 aral
557 893 668 980 ἕτερα,
705 893 827 979 μᾶλλον
849 897 950 972 δ’ἴσως
977 894 1092 980 ἄπειρα
1114 895 1175 958 τὸν
1198 895 1346 983 ἀριθμόν,
1380 897 1425 961 τοὶ

299 997 329 1058 ἐκ
352 995 488 1065 τούτων.
532 1022 596 1062 eam
613 1011 713 1063 autam
727 1001 843 1063 dicendi
859 984 1001 1064 rationem
1024 1024 1081 1064 non
1102 1004 1253 1065 Aristoteli
1278 1003 1425 1085 propriam

300 1124 367 1164 esec
400 1106 472 1166 locis
506 1104 728 1177 demonstretur,
764 1126 839 1185 quos
873 1106 1009 1166 Klotzius
1032 1107 1062 1165 in
1096 1106 1117 1168 l.
1140 1115 1238 1170 annot.
1265 1107 1301 1166 ad
1326 1101 1425 1167 Deva-

300 1205 374 1265 rium
397 1206 426 1281 4,
450 1205 523 1277 360,
548 1204 607 1275 :tttl
630 1227 668 1266 cx
692 1206 759 1265 aliis
781 1207 972 1286 scriptoribus
995 1209 1090 1266 allbrt.

384 1309 551 1369 Particulae
574 1305 624 1366 καί
640 1341 655 1348 -
669 1303 702 1363 δι’
723 1309 904 1385 conjunctae,
927 1310 955 1366 in
972 1309 1080 1389 quibus
1096 1308 1311 1389 quodammodo
1334 1312 1424 1370 offen-

298 1409 404 1485 dimus,
429 1412 500 1492 quia
520 1411 615 1471 altera
637 1411 781 1489 particule
795 1411 947 1489 conjungit
970 1412 1065 1472 altera
1080 1414 1211 1491 opponit,
1232 1413 1269 1472 ab
1290 1414 1425 1474 omnibus
1494 1464 1496 1467 .

299 1514 488 1594 scriptoribus
523 1514 707 1586 adhibentur,
745 1534 923 1594 quamquam
946 1535 1004 1574 non
1027 1516 1090 1595 pari
1115 1536 1250 1575 numero:
1290 1517 1369 1576 Raro
1394 1527 1425 1576 ut

299 1617 467 1697 exemplum
501 1619 620 1678 offeram
655 1604 886 1695 a'l'hucydide
919 1639 949 1680 v.
980 1612 1111 1695 Kritger.
1145 1616 1181 1678 ad
1205 1618 1376 1698 Thucydid.
1399 1620 1423 1684 I.

305 1717 371 1781 132.
394 1719 424 1794 4,
448 1740 537 1798 saepe
561 1719 598 1778 ab
620 1714 792 1792 Aristotele,
827 1720 954 1778 maxime
977 1721 1013 1778 in
1031 1721 1201 1780 ldthicorum
1225 1721 1299 1781 libro
1319 1715 1424 1800 quarto

299 1832 404 1882 octavo
427 1821 644 1885 nonodecimo.
678 1820 825 1898 Adjnngit
843 1831 940 1881 autern
961 1817 1091 1880 καί-ὃέ
1112 1843 1173 1882 rem
1194 1844 1309 1898 novam,
1335 1844 1424 1903 saepe

298 1935 358 1986 tam
381 1923 439 1986 leni
465 1925 562 2002 modo,
585 1933 617 1983 ut
630 1920 719 1983 idem
741 1923 922 1983 lere··valent
942 1933 1031 2005 atque
1052 1921 1139 1999 τέ*).
1184 1927 1284 1986 Etiam
1306 1928 1424 2008 saepius
1455 1960 1458 1966 ·

163 2037 168 2046 '
238 2022 241 2028 ’
299 2047 386 2108 quam
421 2026 598 2087 Aristoteles
630 2025 896 2106 ''Plreophrastus
889 2028 923 2085 ris
959 2028 1110 2106 particulis
1147 2031 1245 2104 utitur,
1282 2029 1311 2087 id
1345 2030 1424 2109 quod

298 2134 426 2190 maxime
450 2129 488 2189 de
511 2127 740 2189 characteribus
762 2128 920 2202 valet**),
942 2131 968 2187 si
991 2129 1057 2189 libri
1080 2131 1221 2191 ambitum
1241 2133 1423 2212 respicimus.

185 2291 187 2296 ,
299 2225 458 2291 Dillicilius
492 2240 536 2291 est
570 2229 701 2308 judicatu
735 2229 772 2288 do
795 2231 946 2308 particulis
970 2221 1078 2287 orda
1087 2227 1138 2301 δέ,
1172 2234 1325 2293 Bonitzius
1350 2237 1426 2293 enirn
1482 2295 1484 2322 Ζ

296 2333 417 2394 videtur
440 2353 550 2411 negare
572 2331 638 2390 illas
660 2332 819 2410 particulas
841 2334 958 2391 omnino
982 2334 1121 2412 conjungi
1144 2355 1244 2415 posse,
1265 2356 1330 2395 cum
1354 2336 1424 2399 inl
1442 2398 1446 2407 ,
1506 2337 1509 2344 ’

299 2436 519 2496 observationes
541 2436 659 2495 criticae
678 2434 708 2493 in
731 2429 901 2494 Aristotelis
925 2454 1001 2514 quae
1025 2438 1160 2495 feruntur
1175 2438 1287 2514 Magna
1301 2439 1427 2498 Moralia

298 2549 327 2600 ot
352 2539 458 2599 ldthica
482 2536 636 2598 Eudemia.
659 2557 728 2616 pag.
758 2536 792 2598 12
816 2519 978 2616 aeregn.
1001 2539 1076 2626 Mor.
1103 2536 1196 2603 1190,
1222 2541 1250 2604 h.
1274 2537 1330 2603 28:
1353 2532 1425 2597 odet
1501 2562 1502 2567 ¹

257 2675 258 2680 κ
292 2635 463 2720 ,Σωκράτης
484 2635 517 2698 δὲ
541 2633 641 2719 opem,
663 2639 769 2719 ἔλεγεν
790 2640 863 2702 haec
886 2639 977 2702 dicat:
1022 2641 1109 2714 „Non
1123 2640 1241 2712 videtur
1263 2653 1331 2721 post
1354 2635 1425 2700 οὐδὲ

296 2745 393 2804 eidem
416 2743 621 2811 enuntiationis
644 2744 774 2804 membro
805 2753 885 2805 recto
915 2744 984 2804 addi
1010 2747 1106 2824 posse
1127 2746 1273 2824 particula
1295 2741 1340 2822 dl,
1374 2747 1423 2806 ad-

298 2845 397 2910 denda
417 2848 514 2930 potius
535 2857 597 2908 crat
619 2849 762 2929 particula
784 2841 833 2924 δή,
871 2847 901 2909 id
925 2848 1005 2930 qnod
1028 2849 1161 2929 plurimis
1184 2850 1288 2911 iisdem
1312 2850 1423 2922 similli-

247 2983 251 2992 ·
296 2953 351 3013 mie
369 2953 522 3034 ,exemplis
556 2951 687 3030 ejusdem
719 2954 870 3036 scriptoris
903 2943 1132 3034 colligi'poteet.
1165 2956 1201 3015 cl'.
1227 2953 1319 3018 1183.
1343 2976 1370 3015 a.
1394 2953 1423 3030 3,
1445 2986 1471 3036 χ
1508 3022 1510 3026 ,

300 3053 391 3124 1185.
415 3056 443 3120 h.
472 3058 519 3131 12,
553 3056 647 3121 11911.
671 3057 699 3122 b.
722 3056 772 3130 34,
805 3056 856 3130 37,
894 3057 985 3122 1191.
1009 3079 1035 3118 a.
1060 3058 1108 3132 10,
1146 3058 1423 3136 15,·21..b.10,

218 3165 219 3168 ’
298 3160 390 3227 1192.
414 3183 440 3223 a.
468 3161 517 3238 19,
539 3159 589 3224 21.
609 3161 665 3225 ιι1.“
710 3160 770 3222 Sed
792 3161 851 3223 duo
875 3161 981 3238 habeo,
1019 3185 1095 3244 quae
1118 3174 1220 3225 contra
1243 3147 1348 3237 dicam,
1383 3166 1422 3225 al-

274 3277 388 3326 terum
413 3266 491 3348 quod
518 3251 672 3344 Krttgerus
697 3267 735 3328 cf.
764 3265 957 3328 Griechische
980 3266 1177 3348 Sprachlehre
1197 3270 1220 3341 1,
1245 3267 1274 3345 ὅ.
1298 3270 1349 3334 69.
1370 3268 1420 3332 32.

296 3368 337 3434 10
359 3351 473 3450 probat,
509 3359 661 3427 odtt—‹tt-
679 3371 766 3430 simili
801 3370 888 3430 modo
926 3379 1014 3451 atquo
1037 3366 1166 3428 not-ot
1195 3371 1262 3443 dici,
1297 3371 1421 3433 alterum
1444 3373 1464 3380 ”

236 3489 261 3527 ἃ
294 3470 485 3556 quod'upud
519 3468 712 3535 Aristotelem
735 3475 832 3556 ipsunt
856 3495 1035 3556 quamquam
1066 3496 1123 3536 nnn
1142 3475 1250 3555 multis,
1272 3467 1421 3538 nonnullis
1476 3456 1478 3459 ⁵

241 3636 243 3640 .
293 3588 392 3639 tamen
410 3578 487 3639 'locis
509 3579 671 3639 invonitur:
716 3602 743 3653 v,
773 3579 810 3640 ds
844 3582 942 3641 animo
972 3579 1046 3646 427.
1078 3580 1105 3645 b.
1133 3579 1188 3642 ll:
1219 3573 1292 3638 onst
1318 3585 1421 3638 τοῦτο

294 3751 496 3762 ..nunu—nn*

362 3856 386 3920 *)
404 3855 516 3923 Propter
534 3869 591 3905 eam
613 3853 696 3922 ipsam
717 3869 824 3905 causum
842 3855 955 3905 maxime
974 3853 1000 3903 in
1019 3853 1096 3906 rebus
1116 3852 1296 3907 describendis
1314 3854 1346 3904 ud
1365 3856 1419 3906 sin·

176 3941 180 3946 '
279 3941 370 4008 :gulos
389 3949 477 4010 portes
496 3941 692 4009 conjungendas
712 3939 858 3994 adhibetur.
877 3940 911 3998 cl,
929 3957 990 4008 pag.
1011 3944 1051 3992 1³.
1446 3929 1449 3934 ⁸

350 4027 388 4092 **)
406 4029 542 4081 Invenitur
560 4031 629 4080 enim
651 4030 676 4080 iu
695 4027 806 4100 historia
818 4028 967 4096 plantarum
980 4029 1077 4080 centies
1090 4029 1152 4092 lero,
1170 4029 1198 4077 in
1216 4026 1418 4086 characteribus
1441 4037 1443 4040 ’

292 4115 351 4183 plus
367 4118 525 4182 septuagies.
