3032 4554
829 245 887 324 rs,

289 443 362 512 336.
384 444 413 508 b.
435 443 464 512 8.
490 441 567 524 (ced.
591 445 633 512 H.
654 443 716 520 L.).
758 442 875 505 Eodem
895 442 991 504 refero
1022 441 1125 520 Onteg.
1147 441 1176 518 8,
1200 465 1231 524 p.
1254 443 1283 507 9.
1307 443 1336 510 b.
1359 445 1410 511 35.

180 587 182 590 -
288 547 340 610 ubi
362 557 442 608 recte
466 547 610 624 Waitaius
638 540 674 603 τέ
702 546 822 626 recepit,
856 544 909 607 sed
940 546 1123 606 artificiosius
1156 546 1325 625 explicavit.
1369 551 1409 610 A·

289 670 376 731 gmon
399 648 516 711 claudat
539 648 605 711 libri
626 647 713 727 hujus
733 668 798 728 cap.
813 649 899 724 XIV,
924 645 953 712 1.
977 644 1119 708 Ceterum
1136 646 1205 706 vide
1219 646 1410 712 Schaeferum

287 751 326 811 ad
349 752 436 816 Dcm.
458 751 500 828 ll,
523 771 553 831 p·
579 745 655 823 579;
690 748 728 810 ad
748 751 838 810 Dion.
863 751 900 812 ll.
923 770 1017 828 comp.
1040 771 1068 812 v.
1089 769 1118 828 p.
1141 747 1221 821 4093
1251 747 1290 806 ad
1319 748 1407 828 Soplr.

191 847 192 850 ’
287 851 397 912 drach.
427 851 507 917 1019
534 861 564 913 ct
594 851 632 914 at
665 851 928 912 curdcmrcrsum
949 849 1149 910 Godot'redum
1175 850 1410 914 Hermannum“.

286 953 446 1016 Praeterea
469 957 507 1016 cl.
532 952 1029 1034 Bernhardy.·Wissenschaftliclre
1052 952 1178 1032 Syntax.
1201 973 1229 1032 p.
1253 950 1326 1014 483.

373 1038 431 1118 Sed
454 1059 588 1138 quemvis
611 1077 662 1137 pre
682 1055 732 1115 illo
767 1075 823 1115 usn
847 1065 877 1117 ct
898 1056 1054 1116 auctoritas
1078 1055 1237 1115 multorum
1258 1055 1409 1116 hominum
1456 1107 1458 1114 .

279 1160 473 1238 'egregiorum
500 1167 529 1218 et
549 1159 686 1237 analogia
718 1160 860 1219 sermonis
881 1158 980 1218 Latini
995 1141 1128 1244 'faciant
1153 1167 1250 1218 tamen
1272 1158 1337 1218 miri
1360 1158 1409 1218 ali·
1434 1162 1436 1172 ‘

285 1259 357 1340 qnid
379 1263 407 1320 in
430 1262 486 1321 hac
508 1280 541 1321 re
561 1261 666 1332 inesse,
680 1270 766 1340 puto,
787 1261 866 1340 quod
888 1255 924 1316 τὲ
945 1253 1007 1339 γάρ
1029 1259 1116 1319 modo
1141 1260 1302 1320 secundum
1325 1279 1409 1319 usum

228 1434 231 1442 Ι
270 1364 439 1440 ,vulgarem
469 1363 556 1424 modo
585 1382 703 1443 prorsus
726 1363 811 1422 alitor
838 1361 971 1422 adhiberi
1007 1370 1161 1429 statuetur.
1206 1363 1312 1442 Itaque
1345 1381 1409 1421 curn
1440 1421 1442 1425 ,

286 1464 323 1525 ι1ο
348 1467 454 1526 ceteris
476 1465 666 1544 scriptoribus
700 1464 862 1544 quidquam
884 1463 1061 1524 contendere
1085 1485 1142 1523 non
1167 1483 1256 1523 ausus
1280 1465 1343 1538 sim,
1380 1465 1410 1522 in

284 1566 453 1625 Aristotelis
475 1587 560 1626 nsum
578 1567 742 1626 accrrrstius
756 1566 915 1646 inquiram3
939 1565 1076 1644 permulti
1093 1567 1170 1624 cnim
1183 1566 1240 1624 loci
1262 1564 1409 1644 quomodo

218 1732 224 1748 .
284 1660 471 1744 intelligendi
492 1665 558 1741 sint,
581 1689 618 1728 ex
633 1688 670 1727 ca
683 1689 715 1741 rc
731 1667 850 1748 pendet,
866 1676 962 1726 utrum
979 1668 1233 1744 grammaticorum
1247 1666 1425 1726 doctrinam
1460 1711 1462 1715 -

284 1754 461 1848 accipiamus
483 1790 581 1830 necne.
605 1770 750 1830 ¹Primum
773 1771 861 1848 igitur
883 1769 921 1829 dc
937 1771 1080 1848 oxornplis
1100 1769 1294 1830 aFritzsclrio
1310 1769 1407 1828 allatis

283 1869 427 1931 dicamne:
473 1871 708 1936 attrutinat.
735 1871 783 1944 18,
819 1892 884 1930 eum
920 1877 989 1931 ante
1022 1871 1161 1931 dixisset:
1205 1863 1342 1940 τοιιιότη
1374 1867 1407 1926 dl

245 1989 246 1992 ’
283 1969 336 2031 καὶ
352 1967 520 2055 ἡπατρική,
542 1970 680 2057 διαφέρει
700 1969 734 2032 δὲ
754 1962 799 2054 τῷ
813 1968 932 2054 ’μεγέθει
947 1979 1013 2032 τῶν
1030 1967 1292 2055 εὐεργετημάτων·
1309 1968 1410 2044 αἴτιος

284 2066 343 2156 peip
366 2067 426 2132 τοῦ
449 2073 540 2154 εἶναι,
570 2075 739 2147 δοκοῦντος
761 2073 931 2156 μεγίστου,
968 2074 1021 2134 καὶ
1045 2082 1164 2158 τροφῆς
1184 2074 1237 2134 καὶ
1257 2073 1426 2147 uetustam,

284 2175 335 2236 καὶ
357 2187 426 2250 τοῖς
447 2172 611 2260 προγόνοις
632 2175 664 2239 δὲ
686 2184 796 2238 ταῦτα
812 2172 1006 2258 ἀπονέμεται
1029 2183 1140 2260 pergit:
1167 2175 1261 2262 φύσει
1275 2201 1311 2238 τε
1328 2173 1408 2261 [γάρ]
1463 2177 1465 2182 ’

257 2261 260 2270 ’
283 2273 411 2361 ἀρχικόν
431 2273 542 2364 πατὴρ
562 2275 638 2342 οἶόν
659 2279 712 2340 καὶ
735 2272 886 2362 πρόγονοι
910 2275 1053 2361 ἐκγόνων,
1077 2281 1130 2340 καὶ
1154 2276 1297 2362 βασιλεός
1319 2281 1408 2362 βασι-

282 2379 460 2463 λευομένων.
484 2382 515 2442 ἐν
535 2378 671 2466 ὑπεροχῇ
691 2380 724 2442 δὲ
747 2378 781 2441 ori
803 2382 906 2466 φιλίαι.
928 2376 1042 2462 αὗται,
1080 2406 1176 2466 neque
1199 2406 1270 2446 vero
1293 2387 1408 2445 etiamsi

259 2479 261 2483 ’
281 2479 354 2566 γάρ,
377 2485 454 2568 quod
471 2485 558 2548 niodo
573 2488 603 2546 in
616 2487 765 2548 codicibus
780 2483 830 2546 Mb
851 2497 880 2547 et
903 2485 947 2546 nb
967 2489 1051 2561 inest,
1073 2490 1231 2568 recipimus
1246 2489 1407 2569 quidquam
1454 2480 1457 2485 ’

281 2589 388 2662 obstet,
411 2592 571 2668 quominus·
590 2589 698 2650 verba:
720 2589 753 2646 ι”ν
772 2584 911 2670 ὑπεροχῇ
933 2587 966 2646 δὲ
989 2587 1142 2672 niquitas
1157 2582 1256 2647 αὗται
1277 2592 1314 2650 iis
1330 2611 1406 2671 quac

280 2691 460 2752 antecedunt
479 2685 572 2771 pelosi
586 2711 632 2748 τε
653 2684 715 2770 γάρ
730 2711 795 2772 sqq.
820 2692 999 2773 respondero
1024 2703 1203 2767 statuamns3
1226 2691 1305 2772 quod
1329 2694 1413 2751 enim-

279 2790 316 2852 τέ
339 2792 486 2877 particula
509 2788 541 2850 dt
564 2793 720 2873 excipitur,
743 2794 893 2856 offendere
916 2797 1028 2875 nequit.
1054 2795 1130 2855 Gen.
1146 2795 1206 2853 An.
1229 2794 1301 2857 729.
1325 2795 1352 2858 b.
1378 2794 1407 2868 9,

236 2884 239 2890 ⁵
279 2917 345 2956 crum
370 2894 546 2955 antecedant
581 2896 689 2956 verber
725 2892 814 2953 κατοί
835 2917 871 2955 τε
891 2891 928 2967 δὴ
951 2891 1011 2954 τόν
1032 2889 1131 2976 λόγον
1151 2876 1240 2954 ὀὕτω
1255 2893 1408 2977 φαίνεται

241 3000 243 3004 ’
279 2993 332 3056 καὶ
354 2994 405 3056 ἐπὶ
426 3001 493 3056 τοῖν
514 2998 621 3076 &pyr-tv,
657 3020 694 3058 ex
726 2999 834 3079 quibus
874 3010 1005 3080 apparet,
1043 3000 1234 3060 Aristotelem
1268 2998 1306 3060 de
1338 2997 1407 3075 dua·

279 3099 334 3160 bns
356 3099 443 3186 rebus
466 3099 565 3160 dicere
586 3100 664 3162 vello
689 3096 720 3176 (ὁ
743 3096 836 3179 λόγος
859 3103 936 3162 enim
959 3112 1049 3182 atquc
1072 3095 1118 3159 τό
1140 3103 1215 3180 ἔργα
1234 3103 1407 3181 ¹saepissime

278 3201 356 3282 apud
380 3197 571 3264 Aristotelem
596 3201 805 3282 disjunguntur
835 3214 924 3284 atque
948 3218 1136 3285 opponuntur
1165 3204 1202 3261 ef.
1225 3203 1290 3266 Pol.
1315 3201 1405 3265 1333.

278 3304 307 3370 b.
334 3302 382 3378 15,
419 3303 511 3367 1341).
535 3305 564 3365 b.
586 3301 641 3386 7.),
668 3307 782 3386 pergit:
812 3302 956 3364 sabditos
978 3327 1014 3364 τε
1035 3299 1096 3386 γάρ
1120 3294 1347 3364 ἐπισκοποῦσιν
1370 3297 1424 3361 οὐ·

278 3403 428 3490 φαίνεται
449 3401 623 3487 γινόμενον,
658 3407 695 3468 dc
717 3431 778 3490 qua
797 3430 829 3470 re
852 3411 1016 3470 accuratius
1038 3408 1109 3469 dicit
1132 3427 1226 3488 usquo
1245 3406 1328 3469 adv.
1349 3407 1403 3482 213

277 3495 390 3571 deinde
409 3510 504 3571 altore
524 3531 593 3592 pars
616 3499 774 3592 postquam
787 3514 917 3593 repetiit:
938 3510 1099 3594 συμβαίνει
1120 3507 1146 3568 ‹l'
1168 3503 1413 3591 ὁμολογούμενον

278 3605 324 3693 τῷ
345 3607 428 3690 λόγῳ
447 3611 501 3670 καὶ
524 3610 656 3671 ἐπὶτῶν
674 3616 782 3693 ἔργον,
805 3617 906 3695 incipit
930 3638 959 3679 v.
981 3615 1037 3678 22:
1063 3611 1116 3672 διὰ
1138 3604 1324 3692 τοῦτοροὶρ
1339 3613 1404 3668 ἔνια

197 3770 200 3779 ,
278 3719 343 3772 τῶν
374 3707 510 3792 ἀρρένων
544 3734 623 3793 sqq.;
658 3717 819 3775 orationem
855 3737 913 3774 non
943 3717 1100 3776 admodum
1136 3717 1307 3775 concinnam
1340 3732 1405 3771 esso

277 3813 422 3892 concedo,
465 3800 537 3874 sed
560 3814 590 3874 id
626 3813 706 3874 haud
746 3837 812 3876 raro
848 3817 972 3876 inveniri
1009 3816 1085 3895 ipse,
1101 3816 1244 3902 'Klotaiua
1281 3814 1351 3900 [licit
1385 3813 1405 3872 l.

277 3915 298 3977 1.
320 3937 390 3998 pag.
419 3915 494 3982 149.
523 3911 724 3994 ct'.'IIar·tung
749 3918 768 3980 l.
798 3919 817 3985 1,
839 3920 863 3993 I,
897 3918 970 3986 115.
998 3906 1092 3978 Gen.
1112 3919 1171 3980 An.
1206 3914 1277 3991 717.
1293 3913 1326 3980 ιι.
1354 3914 1406 3978 13:

277 4005 351 4076 ότι
375 4012 437 4098 γάρ
455 4014 526 4099 περὶ
548 4013 623 4090 τοὺς
644 4013 834 4100 ὀφθαλμοὺς
863 4014 965 4091 τόπος
994 4025 1059 4078 τῶν
1090 4017 1161 4100 περὶ
1184 4010 1244 4086 τόν
1266 4010 1405 4095 κεφαλὴν

276 4114 583 4200 σπερματικότατός
604 4119 692 4179 ἐστιν
712 4121 894 4203 respondent
916 4145 944 4188 v.
969 4122 1018 4186 19.
1049 4123 1153 4183 verba:
1178 4117 1233 4178 nal
1254 4119 1288 4190 eri
1311 4139 1405 4199 carep-
