3032 4554
571 138 584 294 J
656 187 733 266 tri
791 158 792 162 ‘

117 409 174 472 alia
192 398 337 486 particula
357 395 458 476 addita
479 405 539 458 cst:
561 392 600 457 de
622 396 721 473 anima
739 391 811 457 431.
835 392 865 456 b.
887 388 1027 454 28-292
1050 385 1171 470 ἀνάγκη
1194 379 1240 461 d'si

117 500 203 571 arisel
226 494 242 576 d
265 495 310 561 τοὶ
332 495 396 571 εἴδη
415 497 504 562 εἶναι.
530 491 693 578 adrepto
715 489 777 576 ysip
798 487 836 566 dd
860 485 909 560 ab·
932 494 993 554 ubi'
1016 486 1166 576 yes'p'ferri
1188 517 1239 557 ne·
1325 493 1328 500 “

118 614 276 695 quianam
297 625 356 664 non
380 602 506 674 videam,
537 603 620 680 cnjus
640 602 682 660 rei
704 620 823 670 causam
856 599 967 670 aflerat,
999 598 1090 677 'etque
1112 596 1189 657 desit
1211 599 1240 656 in
1269 612 1272 618 ·

118 713 180 776 ced.
200 708 297 770 LVW
317 715 347 766 el
371 728 413 786 pr.
435 707 471 764 Ε.
505 704 602 766 Euhie.
635 699 726 765 1154.
750 722 777 764 u.
801 699 856 764 27:
880 688 961 757 ὥστε
984 694 1110 758 λεκτέον
1130 689 1184 757 dael
1206 695 1241 757 τί

118 811 292 896 φαίνονται
306 809 340 866 αἱ
355 802 536 887 σωματικαὶ
560 801 669 874 ἡδοναὶ
686 799 897 882 αἱρετώτερα).
921 807 1050 881 πρῶτον
1064 794 1119 880 μὲν
1133 789 1188 860 οὖν
1203 794 1248 871 ridv
1281 832 1284 837 -

118 905 169 975 ὅτι
190 905 323 992 taupoda
341 902 401 977 τὴν
418 901 532 980 λύπην,
554 898 756 987 πρῶτονμὲν·
779 895 836 963 οὖν
858 897 896 974 δή
917 901 1047 977 effendit,
1070 905 1139 984 qula
1159 903 1240 964 nullo

118 1020 174 1082 slio
198 1017 263 1075 loeo
284 1014 353 1090 (nisi
374 1013 405 1072 in
430 1011 718 1092 interrogationibus,
741 1029 867 1096 quarum
880 1007 954 1068 ratio
968 1027 1088 1088 prorsus
1110 1007 1169 1067 alia
1184 1005 1241 1088 e‘st)

118 1117 294 1186 Aristoteles
315 1113 466 1194 particulis
501 1114 542 1173 lta
563 1113 716 1173 cumulatis
739 1114 837 1184 utitur,
871 1111 923 1171 sod
959 1120 1013 1171 nn
1034 1105 1088 1191 μὲν
1112 1098 1173 1181 οἷν,
1191 1121 1242 1172 sut

119 1219 171 1307 μὲν
192 1212 230 1290 δή
253 1217 382 1280 adhibet.
428 1215 501 1277 (lum
525 1214 645 1277 accedat
666 1215 746 1297 quod
769 1204 826 1273 οὖν
856 1216 999 1276 omittitur
1021 1235 1039 1274 a
1064 1196 1130 1283 eod.
1152 1208 1197 1274 Lb
1212 1224 1242 1274 et

101 1323 167 1390 .th
186 1343 244 1382 non
267 1321 474 1401 dubite,'quin
489 1319 647 1398 legendum
671 1322 727 1381 sit:
750 1324 879 1400 πρῶτον
900 1313 954 1399 μὲν
978 1311 1025 1386 dn‘.
1070 1314 1240 1399 Antequam

119 1445 275 1514 pergamus
289 1424 407 1485 videtur·
421 1408 589 1483 addendum
611 1442 685 1498 esse,
709 1442 795 1484 usum
811 1421 1015 1504 particularum
1033 1417 1087 1502 μὲν
1103 1415 1141 1490 δή
1163 1420 1240 1504 apud

121 1530 306 1596 Aristotelem
342 1528 432 1588 multo
468 1525 624 1586 artioribus
654 1526 760 1588 linibus
794 1526 1041 1606 circumscriptum
1066 1544 1242 1607 essequam
1283 1572 1286 1576 .
1376 1539 1378 1544 ·

122 1633 195 1717 apud
220 1613 373 1692 Platonem
395 1640 425 1689 et
454 1629 528 1689 alios
551 1630 716 1709 scriptores.
761 1630 811 1690 Sic
840 1633 991 1711 nunquam
1019 1629 1169 1690 invenitur
1189 1617 1260 1687 sal
1311 1697 1314 1703 Ι

57 1779 59 1782 -
120 1733 172 1821 μὲν
194 1727 231 1806 du‘
253 1733 332 1794 nullo
355 1733 445 1794 verbo
467 1733 640 1813 interposite
674 1731 727 1816 (el.
750 1727 880 1812 Kritger.
904 1732 1094 1795 Griechische
1117 1731 1241 1814 Sprach-

119 1842 199 1904 lehre
222 1841 247 1902 l.
271 1837 322 1904 69.
346 1836 397 1902 35.
424 1827 462 1913 1),
486 1827 573 1894 ἀλλὰ
596 1831 650 1916 μὲν
674 1827 711 1907 δή
733 1833 825 1920 (quod
848 1838 1019 1919 saepissime
1041 1834 1119 1918 apud
1143 1837 1240 1900 Plate-

119 1966 194 2019 nem,
220 1943 257 2003 ef.
279 1941 406 2003 strena.
435 1939 502 2004 143.
527 1941 560 2012 a,
583 1940 725 2001 rhamon
749 1941 799 2004 νε.
825 1941 862 2014 A,
887 1941 979 2018 cog.
1003 1939 1076 2004 ενι.
1101 1937 1148 2015 ΑἸ
1167 1941 1239 2006 492.
1336 1932 1339 1937 ’

119 2048 154 2122 Ε,
189 2043 262 2110 506.
290 2045 334 2118 D;
373 2046 616 2124 praetereadst.
651 2044 737 2104 lexic.
772 2046 849 2106 Plat.
883 2045 923 2107 Il.
957 2043 1041 2120 303),
1071 2035 1185 2125 eripis
1204 2038 1241 2114 dal
1338 2101 1340 2106 ,

119 2146 170 2231 (el.
193 2143 314 2224 Katigcr·
336 2149 354 2212 l.
373 2148 393 2210 l.
419 2144 485 2207 Ast.
509 2149 527 2211 l.
544 2144 596 2226 1.),
620 2148 723 2208 sedin
748 2150 783 2207 iis
804 2148 1001 2209 locutionibus
1022 2169 1079 2210 non
1102 2159 1162 2208 tam
1176 2168 1241 2228 par·

118 2252 207 2314 ticula
228 2242 266 2320 dd
289 2271 377 2331 quam
398 2245 452 2330 μέν
476 2251 561 2311 aliter
583 2250 738 2313 adhibetur
759 2250 848 2333 atquc
872 2250 950 2336 apud
964 2251 1154 2312 Aristotelem
1177 2251 1217 2314 fit.

202 2354 372 2416 Particulae
392 2347 454 2435 γάρ
475 2351 513 2424 dn'
533 2355 715 2432 conjunctae,
737 2376 861 2435 quarum
875 2366 999 2435 utraque
1015 2353 1139 2416 eandem
1154 2375 1242 2435 quam
1341 2372 1345 2380 ·

119 2477 171 2540 per
193 2478 225 2518 sc
248 2460 313 2536 ipsa
336 2457 425 2517 habet
441 2458 500 2516 vim
515 2459 632 2534 retinet,
655 2459 784 2517 maxime
806 2457 837 2516 in
852 2457 1075 2537 Metaphysicis,
1096 2457 1241 2536 Physicis,

121 2557 365 2635 Politicis,lib1·is
388 2558 426 2620 de
447 2562 545 2620 anima
557 2562 758 2634 inveniuntur,
781 2561 818 2622 ef.
839 2559 876 2620 de
895 2561 982 2623 anim.
999 2560 1071 2622 407.
1092 2581 1118 2622 s.
1143 2560 1171 2631 5,
1198 2559 1244 2634 10.

120 2665 193 2726 411.
216 2663 245 2726 1).
271 2661 299 2735 1,
322 2660 395 2726 419.
421 2684 446 2725 a.
471 2663 521 2735 33,
545 2662 618 2727 420.
642 2664 671 2728 b.
686 2657 739 2737 32,
761 2662 834 2726 421).
857 2663 886 2725 b.
910 2661 938 2735 2,
961 2662 1034 2724 428.
1057 2685 1083 2727 a.
1101 2661 1142 2725 29
1166 2659 1243 2744 (sae-

120 2767 238 2846 pissime
261 2765 351 2825 vcrbo
383 2768 557 2846 interposito
590 2762 623 2845 γε’
647 2765 786 2844 additur),
823 2768 852 2826 in
885 2767 991 2827 ceteris
1014 2766 1130 2847 seriptis
1154 2766 1245 2826 multo

120 2870 222 2942 rarius,
254 2871 284 2926 in
307 2869 422 2928 Ethieis
443 2869 489 2928 his
511 2879 624 2933 trintum
647 2871 737 2929 loeis:
774 2867 865 2932 1123.
890 2869 918 2932 b.
942 2870 992 2943 20,
1024 2868 1115 2951 1178.
1140 2870 1168 2934 b.
1195 2871 1243 2936 19.
1298 2910 1300 2914 -

120 2968 173 3029 καὶ
195 2964 255 3052 yolp
277 2964 314 3039 dd
336 2967 389 3026 καί
413 2992 446 3033 v..
464 2972 556 3052 Phys.
583 2970 651 3035 194.
676 2993 702 3032 a.
728 2970 776 3045 15,
804 2973 867 3036 Pol.
897 2971 987 3034 1283.
1011 2973 1039 3032 b.
1064 2972 1114 3037 30.
1159 2964 1244 3031 dahel
1325 2993 1328 3000 ’

117 3066 180 3155 'yelp
202 3066 249 3152 ἂνξ,
282 3072 361 3152 quod
394 3071 472 3153 apud
508 3073 665 3135 Platonem
687 3094 777 3154 saepe
811 3074 862 3150 (el.
885 3069 951 3136 Ast.
978 3075 1095 3160 leniecn
1116 3075 1194 3135 Plat.
1220 3078 1244 3140 l.
1322 3141 1326 3150 ,

122 3175 206 3254 101),
231 3175 310 3256 apml
339 3174 578 3256 'Plreoyrlrrastum
610 3179 757 3249 rarissime
790 3175 829 3255 (v.
856 3178 955 3242 lristor.
977 3177 1016 3258 pl.
1040 3179 1080 3244 ll.
1104 3178 1132 3242 8.
1159 3173 1192 3260 il)
1215 3180 1244 3240 in

94 3293 174 3340 usu
197 3290 254 3353 cst,
291 3279 329 3342 ab
352 3261 663 3342 Aristotcle'omnino
695 3303 752 3342 non
788 3282 954 3342 adhibetur.
997 3274 1096 3340 ’Atta
1120 3275 1166 3357 dul,
1206 3284 1244 3347 el.

85 3449 88 3454 p
121 3382 258 3460 Hartung
281 3384 300 3442 l.
316 3383 335 3442 l.
360 3375 432 3456 266.
457 3383 527 3458 289,
550 3385 579 3444 in
602 3385 740 3466 Physicis
763 3395 876 3446 tantum
897 3386 1052 3457 invenitur,
1075 3384 1111 3448 el.
1136 3384 1244 3449 2141).
1276 3421 1280 3430 ·

122 3479 180 3546 28)
206 3479 334 3564 οὐδεμία
357 3476 518 3566 δὀἷνοίγκη,
555 3487 580 3545 εἰ
602 3486 718 3560 κίνησις
739 3491 827 3559 ἐστι,
863 3484 943 3546 εἶναι
965 3482 1060 3546 κενόν.
1092 3476 1170 3558 ὅλως
1191 3485 1246 3567 μὲν

121 3577 176 3644 οὖν
197 3578 300 3657 oddag
320 3582 463 3661 κινήσεως
484 3581 636 3672 οὐδαμοῖς,
660 3585 708 3648 dui
731 3588 785 3649 aed
800 3587 967 3649 Μέλισσον
987 3589 1115 3648 ἔλαθεν·
1140 3585 1245 3647 althea

122 3688 239 3748 οῦσθαι
260 3683 322 3772 γὰρ
352 3685 393 3750 ad
421 3695 533 3775 πλῆρες
555 3691 723 3775 ἐνδέχεται.
745 3686 829 3752 ἄλλο’
852 3687 890 3764 (ld
912 3685 983 3752 odel
1005 3686 1065 3764 τὴν
1084 3687 1170 3753 κατὰ
1191 3687 1245 3753 τό·
1309 3678 1312 3684 ’

121 3812 184 3853 πον
205 3791 332 3890 κίνησιν.
361 3796 438 3884 ι237.
462 3799 490 3862 1).
514 3797 573 3864 34:
596 3791 681 3858 dita*
702 3791 740 3868 δὴ
762 3786 821 3857 κᾶν
843 3797 867 3857 εἰ
889 3791 929 3880 μὴ
950 3794 1246 3881 1σοταχο]ς,διαφε’·
1306 3857 1310 3866 ,

122 3917 164 3977 ρει
196 3893 291 3958 οὐθέν
323 3913 509 3983 opponuntur
542 3905 657 3966 verbis:
697 3893 747 3963 ὅτι
783 3888 837 3985 μὲν
866 3893 924 3962 οὖν
963 3899 989 3962 εἴ
1018 3925 1051 3962 τι
1087 3901 1247 3986 ἰσοταχῶς

86 3999 90 4008 ’
122 4011 253 4087 κινοῖτο,
278 4000 399 4086 α’νοῖγκν,
414 3999 454 4064 sd
470 4004 708 4092 πεπερασμένον
722 4008 753 4072 ἐν
766 4003 989 4091 πεπερασμένῳ
1008 4008 1175 4084 κινεῖσθαι,
1197 4000 1244 4081 δῆ-

121 4105 178 4165 λον
199 4111 289 4182 (vers.
304 4110 454 4189 20-28).
478 4111 550 4180 249.
573 4115 601 4176 1).
627 4115 682 4177 14)
696 4107 791 4175 ‘ditat
815 4110 852 4184 δὴ
867 4109 1005 4196 πότερον
1025 4114 1065 4186 εἰς
1084 4110 1124 4174 τὰ
1138 4110 1246 4198 adeor
1309 4172 1313 4180 .
