3032 4554
668 193 711 266 49

128 399 194 464 Pol.
210 393 298 462 thet.
312 393 340 460 b.
353 391 384 470 9,
401 392 451 454 nbi
467 391 623 455 Bekkerns
639 394 667 454 in
684 391 812 455 editione
826 370 937 472 majore
951 367 1079 474 scripsit:
1100 393 1201 452 τοῦτο
1217 385 1252 452 di
1327 428 1330 434 ·

110 487 269 569 στάσεως
291 492 396 554 αἴτιοι·
419 492 539 574 γίνεται
562 492 615 552 καὶ
636 489 725 574 stapel
753 502 822 566 τοῖς
842 490 935 575 μηδὲν
955 489 1077 574 ἀξίωμα
1109 491 1251 574 κεκτημέρ

129 623 200 674 νοις,
222 591 237 670 ἦ
260 588 425 676 acciperit}
448 590 538 676 tropei
562 616 595 674 γε
615 593 792 678 θυμοειδέσι
814 593 864 656 καὶ
889 594 1066 678 πολεμικοῖς
1085 587 1251 678 ἀνδράσιν,

129 707 165 767 cl.
191 702 287 774 Klotz.
312 709 411 760 annot.
433 698 485 763 nd,
502 701 577 763 llev.
601 697 696 775 597,
716 703 745 760 in
765 701 876 761 minore
899 690 1038 769 iraooSsv
1060 686 1098 770 dri
1122 699 1252 772 (codices
1353 703 1357 712 ’

130 807 206 884 eninr
230 805 306 863 inter
327 823 360 863 se
383 796 584 881 dissentiunt).
629 801 689 862 Sed
713 821 778 864 cunr
801 811 903 862 neutro
919 801 1005 863 lectio
1030 802 1090 862 ullo
1111 803 1169 863 allo
1186 804 1249 866 loco

130 905 345 988 quodammodo
380 903 467 965 simili
490 904 638 984 probetur,
677 905 790 967 nescire
824 923 872 964 me
894 904 997 976 fateor,
1034 903 1105 984 quid
1127 904 1165 966 de
1187 907 1250 967 loco

129 987 316 1069 statuentium
338 1009 385 1067 ait.
416 1042 435 1048 ··
1050 1087 1052 1091 ,
1185 1083 1187 1086 .

215 1111 382 1188 Antequam
406 1107 443 1166 ad
473 1107 560 1166 aliam
597 1109 780 1168 transeamus
813 1107 994 1188 particulam,
1030 1108 1130 1186 paucis
1153 1107 1252 1172 verbis
1295 1129 1297 1136 ’

130 1211 245 1272 videtur
264 1209 571 1289 comprehendendum
595 1228 669 1283 esec,
693 1201 979 1290 quemadmodum
1002 1212 1032 1271 in
1057 1189 1198 1289 particula
1213 1203 1252 1280 dri

130 1313 297 1373 adhibenda
320 1311 498 1371 Aristoteles
523 1312 560 1370 ab
585 1313 620 1370 iis
643 1311 742 1388 distet,
777 1313 827 1392 qui
861 1321 929 1372 autc
953 1331 1028 1388 ficum
1063 1313 1251 1392 scripserunt.

116 1417 168 1474 -h‘t
190 1413 308 1494 quidem
333 1396 387 1474 hoc
419 1414 577 1473 discrimen
600 1434 744 1473 summum
776 1434 841 1474 csse
865 1424 952 1493 puto,
988 1413 1067 1494 quod
1103 1406 1140 1484 δή
1172 1414 1250 1496 apud

131 1538 196 1576 eum
219 1517 310 1575 multo
333 1517 456 1596 saepius·
473 1517 513 1574 ita
540 1525 705 1601 usurpatur,
727 1525 759 1574 ut
782 1536 838 1575 non
855 1515 948 1575 solum
963 1517 1038 1576 intra
1061 1519 1251 1592 enuntiatum,

130 1623 159 1679 in
182 1639 241 1698 quo
265 1620 391 1697 positum
416 1627 475 1691 eet,
511 1618 571 1677 vim
596 1628 743 1690 exercent,
778 1617 940 1678 sedetiam
963 1617 1081 1703 indicet,
1105 1619 1252 1699 quomodo

130 1721 200 1781 illud
226 1741 291 1778 cum
324 1720 362 1778 iis
396 1740 472 1799 quac
501 1719 677 1779 antecedunt
698 1720 869 1792 cohaereat3
904 1729 1007 1779 contra
1040 1722 1129 1781 multo
1158 1723 1252 1782 rarius
1315 1729 1318 1737 '

26 1877 27 1882 ,
131 1825 171 1882 ita
204 1821 370 1895 adhibetur,
399 1831 437 1880 ut
472 1841 555 1881 surim
591 1830 702 1882 tantum
735 1822 918 1881 enuntiatum
941 1823 1060 1887 afliciat.
1106 1816 1196 1898 Quod
1221 1832 1253 1883 ut
1324 1811 1326 1818 ⁴

61 1983 63 1988 ,
102 1983 104 1988 ,
131 1923 273 2003 exemplis
298 1923 505 1998 demonstrem,
541 1924 631 1983 affero
652 1917 702 1993 dri
738 1923 817 2004 apud
850 1944 917 1983 eum
945 1934 1012 2004 post
1032 1926 1252 2005 superlativum,

72 2007 77 2016 ’
131 2036 197 2107 post
219 2047 248 2084 v.
272 2019 384 2096 πολύς,
409 2036 475 2105 post
490 2025 631 2086 adverbia
646 2022 821 2105 temporalia
842 2027 983 2101 (inanime
1008 2031 1072 2101 νῦν)
1094 2029 1174 2087 ιιιιΙΙο
1189 2026 1252 2088 loco

130 2129 263 2198 inveniri,
287 2147 382 2205 neque
415 2123 448 2202 γὲ
470 2120 507 2195 δή
531 2147 628 2206 neque
651 2121 706 2183 ‘iva
732 2119 769 2195 δή
791 2129 820 2185 in
844 2148 898 2187 usu
921 2148 997 2187 esee.
1042 2129 1175 2208 Apparet
1198 2131 1252 2206 igl-
1301 2127 1311 2138 ‘

130 2241 177 2304 tur
199 2238 342 2306 quantum
364 2227 453 2286 distet
485 2229 657 2287 Aristoteles
676 2249 694 2286 a
717 2227 850 2301 Platone,
886 2231 936 2308 qui
970 2223 1006 2299 dri
1025 2229 1175 2289 onmibus
1194 2231 1254 2290 illis

131 2331 294 2390 rationibus
318 2318 489 2408 saepissime
520 2329 650 2388 adhibet.
696 2327 755 2388 Sed
778 2332 935 2408 scriptores
966 2331 1105 2390 librorum
1127 2332 1252 2410 pseudo·

132 2432 365 2492 aristoteleorum
402 2439 431 2490 et
456 2430 682 2510 Theophrastus
718 2430 796 2489 haud
832 2451 897 2491 raro
930 2429 1079 2491 redierunt
1109 2431 1146 2491 ad
1167 2453 1252 2493 usum

82 2569 83 2573 ,
132 2555 233 2594 eorum
256 2535 306 2613 qui
329 2544 398 2592 ante
423 2529 614 2592 Aristotelem
637 2533 837 2610 scripserunt,
871 2533 920 2592 Sic
942 2543 975 2592 ut
993 2554 1030 2593 ex
1046 2533 1254 2613 Theophrasto

132 2636 300 2714 exemplum
322 2636 443 2694 afferam
465 2636 501 2694 cf.
524 2635 625 2696 histor.
650 2633 741 2712 plant.
767 2634 824 2697 lll.
852 2633 882 2695 7.
904 2635 939 2697 o:
963 2633 988 2692 ei
1010 2631 1043 2691 δέ
1064 2653 1098 2712 γε
1118 2629 1165 2710 δή,
1200 2635 1255 2696 IV.

132 2736 160 2798 2.
185 2736 217 2800 l:
240 2732 339 2814 aei-yi
355 2731 405 2817 δή,
429 2737 482 2800 IV.
505 2736 534 2799 4.
558 2737 594 2798 ὀι
618 2723 655 2806 eir
670 2755 703 2812 γε
727 2727 774 2804 dri.
819 2736 973 2816 Postremo
997 2746 1098 2816 repeto
1113 2737 1184 2817 quia
1207 2758 1254 2797 res

123 2837 247 2897 uidetur
269 2840 443 2915 gravissima
466 2859 541 2911 esse,
566 2829 603 2906 chi
617 2839 647 2896 in
663 2839 727 2897 aliie
743 2839 858 2918 scriptis
879 2828 972 2898 multo
988 2841 1106 2917 saepius
1121 2833 1257 2899 adhiberi

132 2959 220 3019 quam
242 2941 270 3023 in
302 2941 384 2999 aliis:
420 2942 590 3020 saepissime
622 2940 700 2998 enirn
727 2941 876 2999 invenitur
897 2941 928 2998 in
948 2939 1060 2999 lithicis
1083 2940 1133 3014 (de
1156 2940 1257 2999 discri·
1353 2967 1355 2973 ·

133 3042 218 3114 mine,
250 3042 330 3121 quod
353 3044 430 3102 inter
459 3043 591 3120 singulos
613 3041 704 3102 libros
727 3042 892 3116 intercedit,
924 3062 1015 3123 supra
1048 3041 1158 3102 dictum
1191 3043 1269 3125 est),
1327 3037 1337 3115 J

70 3188 71 3191 ι
133 3155 295 3226 sequuntur
330 3147 385 3206 hoc
409 3145 526 3204 ordine:
559 3140 781 3226 Metaphysica,
813 3146 952 3229 Physica,
988 3145 1053 3205 libri
1089 3145 1127 3206 de
1151 3146 1258 3219 anima,

133 3248 277 3323 Politica;
301 3245 390 3310 multo
414 3250 512 3309 rarius·
531 3250 559 3306 in
576 3249 741 3309 Rhetoricis
764 3259 794 3309 ct
808 3250 935 3310 Poeticis
959 3250 989 3308 in
1012 3269 1066 3308 usu
1089 3258 1143 3313 eet.
1168 3245 1256 3324 Quod

134 3352 280 3430 quomodo
304 3353 513 3432 explicandum
537 3354 574 3412 sit
597 3353 652 3412 hoc
674 3354 736 3413 loco
758 3354 932 3432 perscrutari
955 3353 1074 3430 longum
1098 3363 1151 3415 est.
