3032 4554
733 221 869 319 r&

177 448 230 510 pro
252 427 324 506 ejus
359 423 505 486 sententia
537 424 617 492 lacit.
660 420 736 506 πρὶν
758 417 799 484 ἄν
824 423 973 486 invenitur
1007 423 1094 488 v111.
1117 424 1147 490 2.
1167 424 1202 498 43
1234 424 1305 486 VII·

180 529 228 594 13.
251 529 271 590 7
292 528 470 588 Wimmerus
493 519 535 584 ἄν
559 527 765 614 e'conjecturo
788 525 911 608 addidit.

262 627 322 688 Sed
345 636 531 709 revertamur·
560 626 598 686 ad
619 627 819 688 Aristotelem.
869 625 949 707 Πρὶν
983 647 1049 688 oum
1081 628 1212 708 optativo
1244 646 1304 686 non
1334 635 1337 642 '

178 724 332 812 reperitur,
356 728 387 788 id
409 728 488 810 quod
511 748 571 787 non
594 727 729 805 offendit,
752 729 823 809 quia
845 730 874 788 in
896 729 1016 809 obliqua
1037 738 1149 790 tentum
1170 729 1303 789 oratione

178 834 275 894 locum
290 831 390 890 habet.
435 829 481 892 cf.
502 824 604 893 Klotz.
621 831 827 890 annotationes
849 829 886 889 od
902 830 1043 890 Matthaei
1059 830 1181 890 Denarii
1197 829 1306 890 librum

177 935 215 995 de
238 929 375 993 Graecae
391 933 510 1010 linguae
533 931 685 1010 particulis
707 953 777 1012 pag.
800 931 879 1006 7275
915 943 1016 992 eontra
1033 928 1107 1010 πρὶν
1125 952 1190 993 oum
1211 931 1304 992 intini-

178 1038 239 1095 tivo
259 1034 337 1093 haud
361 1056 426 1094 raro
459 1036 489 1094 in
524 1052 580 1091 usu
603 1041 657 1110 ost,
692 1033 749 1092 hoe
781 1034 920 1095 librorum
944 1033 1110 1098 discrimine
1132 1043 1165 1093 ut
1185 1035 1216 1092 in
1238 1033 1303 1093 aliis

175 1133 250 1217 π’ρίν
269 1156 333 1198 cunr
356 1135 499 1196 infinitivo
528 1155 587 1194 non
609 1136 856 1220 iuveniatprnisi
881 1145 947 1220 post
971 1136 1132 1196 sententias
1154 1135 1304 1195 affinnati·
1372 1147 1378 1162 ⁸

176 1261 230 1302 vas
252 1239 300 1299 vel
324 1239 347 1297 si
371 1247 437 1318 post
459 1238 623 1316 negativas,
645 1237 731 1298 modo
753 1238 777 1298 si
799 1237 951 1318 praeeedit
965 1249 1080 1319 tempus
1103 1238 1304 1319 praeteritum,

175 1345 213 1407 ef.
236 1340 400 1405 Bitumlein.
427 1340 619 1401 Griechisdre
642 1341 731 1414 Modi,
754 1361 823 1421 pag.
847 1335 923 1414 3443
959 1362 1023 1401 eum
1052 1341 1081 1400 in
1110 1342 1175 1400 aliis
1199 1339 1306 1420 prorni-

176 1467 245 1507 scue
268 1446 428 1505 sententias
451 1454 482 1502 et
504 1443 695 1504 affirmativae
718 1454 748 1502 et
782 1445 936 1521 negativas
962 1454 1111 1525 sequatur.
1155 1441 1233 1504 Illud
1258 1445 1304 1503 la·

175 1559 252 1609 ctum
267 1556 313 1607 est
325 1547 355 1605 in
368 1546 509 1612 Politieis.
529 1542 705 1618 Rhetoricis,
730 1547 870 1618 Poetieis,
894 1547 1042 1626 Physicis,
1064 1546 1118 1607 hoe
1135 1548 1165 1605 in
1179 1546 1304 1621 Ethieis,

177 1647 401 1728 Metaphysiohs,
425 1647 507 1705 libris
529 1646 566 1705 de
589 1649 703 1720 ani-ana,
732 1648 775 1706 ita
796 1657 827 1707 ut
848 1648 878 1706 in
900 1649 947 1708 his
969 1650 1173 1725 conjunctivus
1193 1657 1222 1706 et
1243 1648 1304 1708 infi-

174 1753 285 1811 nitivus
316 1759 384 1829 post
413 1745 488 1827 πρίν
509 1749 573 1808 sine
607 1750 665 1808 ullo
699 1749 865 1809 discrimine
884 1749 1089 1815 adhibeantur.
1133 1748 1180 1809 Os.
1206 1748 1301 1811 Ethic.

178 1851 269 1917 1156.
289 1850 320 1911 b.
339 1849 407 1912 27.:
442 1851 490 1907 ἔτι
515 1845 548 1906 δὲ
571 1838 758 1929 rrpogrlrtco'n¹
781 1844 896 1930 χρόνου
924 1847 977 1908 καὶ
1008 1849 1184 1921 συνηθείας.
1218 1841 1305 1906 κατὰ

75 1976 77 1980 ·
175 1947 234 2026 τὴν
256 1948 429 2033 παροιμίαν
457 1942 520 2030 γάρ
550 1946 606 2008 οὐκ
635 1953 724 2010 ε”στιν
746 1949 867 2022 melione
889 1944 1044 2030 ἀλλήλους
1064 1950 1139 2032 πμὶν
1160 1945 1236 2023 code
1256 1951 1303 2009 λε.

175 2049 321 2136 γομὲνοος
341 2041 422 2122 ἅλας
444 2044 640 2111 συναλοῖοαι.
668 2049 731 2112 οὐδ’
756 2050 979 2124 ἀποδέξασθαι
1000 2048 1037 2137 ὃν)
1058 2049 1211 2135 πρότερον
1240 2046 1304 2110 odd'

175 2154 257 2215 εἶναι
277 2153 400 2235 φίλους,
424 2150 499 2232 πρὶν
523 2143 564 2212 ἂν
586 2149 725 2235 {adnepos
744 2152 877 2234 ἑκατέρῳ
901 2147 987 2236 φανῇ
1009 2150 1141 2236 (μιλητός
1169 2153 1222 2212 καὶ
1255 2176 1304 2212 πι-
1353 2153 1354 2158 ’

174 2247 305 2338 στεοὲᾖ.
327 2257 366 2318 de
385 2257 482 2316 aalma
503 2255 575 2321 429.
588 2279 614 2318 e.
639 2256 694 2320 24:
717 2255 734 2316 ὁ
758 2251 819 2338 ἄρα
845 2252 1035 2338 καλούμενος
1049 2267 1104 2329 τὴς
1119 2247 1219 2340 φυχῆς
1233 2263 1304 2328 νοῦς

176 2358 266 2441 (λέγω
302 2355 336 2418 dl
368 2350 443 2418 νοῦν
478 2350 500 2439 ᾧ
534 2357 710 2420 διανοεῖται
738 2359 790 2418 καὶ
814 2355 1033 2442 ὑπολαμβάνει
1055 2384 1071 2432 η
1092 2357 1187 2440 ψυχή)
1210 2353 1306 2418 013sz
1374 2371 1376 2376 “

104 2469 109 2481 ’
175 2464 265 2538 ἐστιν
287 2458 419 2544 ἐνεργείᾳ
441 2451 508 2520 cdv
537 2453 640 2522 ὄντων
660 2463 735 2544 πρὶν
757 2449 851 2537 νοεῖν,
885 2474 1071 2547 comparetur
1092 2461 1252 2527 eum-429.
1274 2463 1304 2524 b.

176 2567 231 2634 31:
268 2563 398 2647 δυνάμει
422 2557 497 2637 πῶς.
519 2564 588 2624 ε’στι
610 2554 654 2623 eol
678 2559 778 2636 νοητοῖ
800 2562 817 2623 ὁ
841 2559 919 2639 node,
956 2559 1025 2625 ἀλλ’
1046 2563 1220 2647 ἐντελεχείᾳ
1251 2559 1303 2623 od·
1399 2557 1401 2562 ¹

176 2669 240 2746 δέν,
264 2668 337 2752 πρὶν
359 2658 401 2726 οἷν
423 2675 488 2750 νοῇ,
533 2669 621 2730 Addo
654 2671 685 2728 in
714 2669 926 2752 Metaphysieis
959 2671 1033 2731 duos
1065 2671 1190 2732 inveniri
1212 2671 1302 2745 locos,

175 2777 226 2839 ubi
250 2776 288 2838 ad
310 2771 385 2856 πρὶν
408 2794 474 2834 eum
507 2775 651 2835 infinitivo
675 2773 767 2853 vulgo
795 2766 855 2855 (111)
879 2773 1156 2849 redornantur.
1178 2775 1207 2848 b,
1240 2772 1303 2836 21:

176 2875 217 2940 οὐ
239 2875 299 2960 γὰρ
323 2869 428 2936 οἷόντε
451 2873 566 2957 εἰδέναι
596 2875 672 2959 πρὶν
694 2867 710 2948 ἢ
736 2877 776 2963 εἰς
815 2875 859 2936 τὰ
894 2870 1001 2958 ἄτομα
1025 2876 1137 2956 ἐλθεῖν,
1164 2878 1303 2939 aeduum

175 2984 232 3045 hoe
265 2984 328 3043 loeo
354 2972 371 3063 'l
406 2983 556 3042 omittatur
589 3003 607 3040 a
641 2980 742 3042 codiee
769 2982 914 3042 Vaticano
945 2991 974 3043 et
1009 2983 1208 3043 Laurentiano
1240 2976 1302 3046 Ab.

174 3086 224 3167 qui
246 3085 372 3165 optimus
398 3092 442 3144 est
476 3080 816 3166 Metaplrysieorum**),
832 3095 935 3168 ,atque
965 3081 1012 3146 Ab
1039 3085 1121 3155 s'itSn
1156 3086 1314 3166 praebeat,-

178 3189 304 3250 dubitari
328 3197 436 3270 potest,
465 3210 534 3248 num
555 3189 648 3250 verba
670 3199 703 3249 ut
721 3210 799 3249 nune
823 3189 961 3268 leguntur
983 3200 1063 3252 reete
1088 3209 1153 3251 sese
1175 3190 1305 3250 habeant

144 3309 147 3314 '
176 3293 225 3354 vel
250 3294 275 3354 si
297 3293 355 3353 hoe
380 3291 561 3365 conceditur,
594 3314 664 3353 num
687 3292 757 3373 quid
779 3312 817 3352 ex
839 3293 904 3352 loco
927 3293 994 3353 lihri
1013 3288 1108 3368 α***)
1131 3292 1168 3352 ad
1192 3292 1305 3352 Aristo·
1352 3293 1354 3298 '

181 3447 383 3466 ..ἡ-φ...

242 3530 266 3594 *l
287 3533 350 3605 πρὶν
366 3523 385 3593 ἦ
402 3544 461 3580 cum
479 3509 610 3581 infinitilo
629 3526 708 3581 etiem
730 3529 799 3598 apud
820 3531 980 3582 Herodotum
999 3532 1025 3581 in
1045 3545 1092 3581 usu
1111 3535 1160 3593 est,
1179 3528 1212 3582 cl.
1230 3529 1303 3582 hled·
1358 3550 1360 3554 ·

173 3619 236 3686 vig,
264 3604 365 3685 Syntax
392 3616 438 3668 der
466 3616 566 3684 grieeh.
588 3616 703 3684 Sproehe
730 3619 822 3679 §.167
846 3624 933 3669 annot.
970 3617 1116 3669 Bitumlein.
1135 3617 1303 3669 Grieohisehe

68 3729 71 3738 ·
96 3742 98 3746 -
174 3705 255 3768 hlodi,
277 3721 339 3772 pag.
356 3707 415 3768 346,
434 3702 501 3771 apud
523 3703 723 3756 Demosthenem
743 3702 776 3754 cl.
789 3704 875 3756 Klotz.
895 3710 1011 3756 annotet.
1030 3704 1063 3754 ad
1075 3704 1224 3780 Desertum
1243 3722 1303 3772 pag.

149 3833 154 3842 .
178 3795 236 3855 726,
256 3791 324 3859 apud
343 3793 486 3856 scriptores
504 3793 662 3859 posteriores
680 3791 713 3841 ci.
732 3791 832 3854 Winer.
850 3791 867 3842 l.
887 3793 903 3842 l.
922 3792 956 3843 ll.
976 3792 1033 3841 100.
1280 3853 1283 3862 ²

231 3879 270 3946 **)
288 3879 327 3932 ct.
354 3877 448 3932 Christ.
470 3877 564 3930 Studia
591 3878 618 3928 in
637 3878 790 3929 Aristotelis
817 3878 901 3930 libros
920 3877 1111 3945 metaphysieos
1134 3877 1240 3942 collate,
1258 3880 1304 3944 qui
1361 3917 1363 3921 .

1 4007 2 4014 ,
69 3973 76 3994 ·
112 3967 114 3972 ’
139 4038 142 4045 Ι
170 3965 369 4042 ¹concurratissime
385 3963 417 4016 de
435 3963 525 4017 codice
544 3969 582 4018 Ab
608 3964 755 4032 disputavit
772 3966 883 4033 eh‘pog.
901 3969 942 4028 21,
964 3969 1006 4020 22.

213 4054 267 4120 ***)
284 4055 352 4105 Num
373 4051 441 4103 liber
459 4070 480 4103 α
498 4052 531 4104 ab
550 4051 691 4102 Aristotele
708 4053 820 4118 scriptus
843 4053 885 4114 sit,
912 4053 967 4118 jem
994 4052 1139 4117 antiquitus
1156 4051 1303 4104 dubitatum

176 4145 215 4191 est
228 4145 306 4206 atque
324 4139 484 4191 recentiores
506 4139 592 4205 magis
610 4155 641 4190 eo
654 4138 845 4206 inclinaverunt
864 4145 893 4190 ut
912 4137 946 4189 ab
964 4137 1107 4189 Aristotele
1124 4137 1305 4204 ebjudIeerent
1363 4189 1365 4194 .
