3032 4554
803 185 805 190 ⁴
840 179 884 253 26

301 369 432 454 δ’ἔσται,
465 371 534 436 οἶον
553 365 620 438 τῶν
636 366 815 459 μελλόντων
839 373 950 457 τι,·ἐφ’
977 370 1120 458 ὁπότερα
1149 374 1288 466 περιέχει·
1325 375 1378 436 aad
1399 379 1425 438 ri

301 469 348 538 ἐπ’
370 470 474 562 ἄμφω,
498 468 665 562 ἀμφότερα
685 475 743 544 ,καὶ
764 469 801 549 ἦν
819 471 872 538 ani
895 480 999 538 ἔσται·
1022 468 1086 540 ὅσα
1107 477 1141 540 δὲ
1163 473 1203 564 μὴ
1221 475 1350 562 περιέχει
1370 504 1424 563 μη-

300 579 392 665 δαμῇ,
415 572 482 644 οὔτ’
505 572 543 654 ἦν
563 573 630 642 οὔτ’
653 583 742 642 ἔστιν
761 575 829 643 οὔτ’
851 585 954 644 ἔσται.

386 680 427 751 Δι’
458 696 525 768 post
547 685 821 766 demonstrativum,
856 708 922 748 cum
955 691 1228 752 nonantecesserit
1249 689 1329 770 apud
1350 689 1425 750 reln-

300 783 447 866 rivumtl,
478 789 517 851 ab
539 790 702 877 Aristotele
724 791 872 852 rarissime
895 790 1060 852 adhibetur·
1105 792 1197 873 Phys.
1221 792 1293 857 188.
1316 813 1343 860 a.
1370 793 1424 855 16:

298 888 351 950 καὶ
366 886 457 972 οιῖχό
481 885 580 964 αὐτὸς
601 884 730 974 τρόπος,
745 888 784 964 ὦς
804 890 935 952 πλίνθοι
948 887 979 963 ἐξ
994 891 1093 965 οἰκίας
1108 891 1162 954 καὶ
1183 891 1264 954 olata
1282 892 1314 952 ἐκ
1334 891 1424 966 altiv-

297 993 376 1072 θεον,
411 983 496 1054 civo
525 991 559 1054 tl
592 991 646 1053 καὶ
666 981 749 1076 ὕδωρ
771 991 825 1054 καὶ
846 987 907 1075 οἱήρ
929 989 959 1066 ἐξ
981 986 1125 1066 ἀλλήλων
1147 994 1200 1056 καί
1222 993 1282 1056 εἶσὶ
1305 979 1358 1056 κοιλ
1380 993 1424 1076 pt·
1466 994 1468 998 ’

17 1113 20 1124 ·
129 1127 131 1130 ·
221 1134 223 1138 -
298 1118 412 1158 νονται
442 1120 500 1179 quo
535 1099 600 1160 loco
630 1097 773 1179 apedosin
808 1097 1021 1180 quodammodo
1055 1102 1165 1178 protasi
1188 1102 1296 1182 epponi
1319 1101 1424 1161 elucet.

298 1200 393 1260 Simili
414 1198 501 1260 modo
524 1200 649 1262 tortasse
671 1201 803 1282 Metaph.
828 1200 920 1264 1075.
943 1221 969 1260 a.
996 1198 1115 1274 7-10,
1139 1222 1228 1281 quem
1250 1203 1352 1266 lecum,
1369 1203 1426 1262 Βο-

299 1302 406 1362 nitzius
430 1303 473 1378 (v.
495 1303 717 1364 observationes
739 1303 856 1364 criticae
879 1303 907 1360 in
931 1303 969 1366 A.
993 1301 1083 1362 libros
1104 1304 1271 1385 metaphys.
1295 1311 1329 1384 p.'
1341 1302 1424 1366 19-

296 1402 350 1480 21)
373 1406 414 1464 ita
434 1405 616 1466 emendavit:
639 1394 745 1485 ὥσπερ
770 1396 832 1486 γάρ
855 1401 872 1462 ὁ
894 1398 1095 1484 α’νθρώπινος
1115 1411 1196 1477 νοῦς,
1219 1395 1259 1486 [ἢ]
1280 1399 1346 1485 llys
1360 1411 1426 1464 τῶν

296 1502 475 1579 συνθέτων,
499 1508 613 1586 ἔχειέν
630 1528 692 1566 τινι
714 1500 815 1589 χρόνῳ
835 1502 887 1590 (οὐ
910 1499 972 1588 peip
993 1508 1053 1586 ἔχει
1076 1501 1117 1564 τὰ
1141 1498 1174 1565 εὖ
1199 1505 1230 1566 ἐν
1252 1505 1330 1585 τῳδὶ
1352 1495 1370 1578 ri
1394 1506 1425 1565 ἐν

297 1604 386 1686 τῳδί,
408 1602 478 1666 ἀλλ’
502 1606 534 1668 ἐν
555 1596 618 1689 ὅλῳ
641 1605 705 1668 τινὶ
724 1603 765 1666 τὸ
788 1601 932 1690 ἄριστον,
956 1596 993 1666 ὃν
1011 1601 1093 1666 ἄλλο
1108 1611 1162 1684 τι),
1183 1596 1286 1680 οὕτως
1305 1601 1342 1677 δὴ
1356 1610 1425 1686 ἔχει

296 1703 379 1778 asieri
403 1707 501 1781 αὐτῆς
523 1707 539 1780 ἦ
561 1704 664 1783 νόησις
686 1703 746 1768 τὸν
768 1698 904 1769 ἅπαντα
920 1709 1031 1783 αἰῶνα,
1048 1697 1133 1771 οὕτω
1156 1706 1201 1788 δέ,
1223 1710 1302 1790 quod
1321 1730 1424 1770 omnes

251 1808 254 1814 ’
295 1811 413 1876 codices
433 1813 587 1894 praebent,
608 1813 728 1874 delendi
749 1823 855 1894 potest,
890 1832 956 1873 cum
983 1812 1059 1884 inter
1073 1814 1204 1893 protasia
1224 1823 1255 1873 et
1276 1811 1420 1892 apodesin

295 1918 510 1998 oppositionem
535 1937 602 1977 esse
624 1924 777 1995 appareat.

380 2020 487 2106 Paullo
506 2020 626 2100 saepius
647 2011 680 2075 δέ
702 2025 769 2098 post
792 2015 817 2076 ei
839 2017 869 2078 in
889 2016 1014 2098 apodesi
1039 2016 1197 2081 invenitur.
1243 2017 1331 2094 Quod
1357 2039 1424 2078 cum

183 2123 187 2134 “
295 2145 399 2186 verear
421 2145 459 2185 ne
492 2124 542 2205 qni
566 2130 687 2202 negent,
719 2123 882 2202 'praemitto
921 2123 1011 2184 etiam
1033 2123 1070 2182 ab
1093 2122 1210 2203 optimis
1233 2122 1423 2203 scriptoribus

297 2249 364 2289 eum
389 2248 474 2290 usum
495 2247 554 2287 non
582 2245 702 2308 prorsus
731 2226 859 2286 alienum
882 2245 958 2287 esse.
1002 2225 1049 2290 of.
1073 2225 1213 2305 Xenopb.
1237 2225 1307 2306 Gyr.
1330 2225 1367 2311 V
1392 2225 1421 2290 5.

293 2331 343 2406 21,
363 2352 454 2415 quem
476 2332 573 2392 locum
597 2330 781 2410 grammatici
804 2330 943 2390 afferunt:
977 2319 1048 2388 ἀλλ’
1069 2327 1095 2387 εἰ
1117 2323 1191 2409 μηδὲ
1212 2334 1326 2407 τοῦτο,
1347 2328 1421 2412 ἔφη,

294 2427 396 2514 βούλει
429 2427 687 2515 ἀποκρίνασθαι,
721 2428 762 2490 οὐ
792 2428 825 2490 δὲ
858 2427 1053 2493 τούντεῦθεν
1085 2428 1162 2510 λέγι.
1209 2433 1256 2492 lta
1287 2453 1358 2492 vero
1390 2425 1424 2488 δέ
1503 2436 1505 2442 ’

230 2521 235 2530 ’
294 2559 353 2600 non
373 2537 539 2611 adhibetur,
568 2539 624 2598 nisi
648 2537 806 2617 opponitur
829 2534 968 2616 epodosis
988 2536 1110 2617 protasi,
1143 2535 1180 2600 cl.
1205 2535 1242 2598 F.
1266 2535 1305 2596 V.
1327 2535 1423 2594 Fritz-

205 2617 217 2702 l
292 2617 415 2716 sellium,
452 2643 503 2721 qui
536 2643 566 2700 in
591 2641 763 2701 universum
794 2636 831 2698 de
853 2639 997 2720 particula
1018 2635 1051 2696 δέ
1084 2639 1114 2697 in
1135 2637 1258 2719 apodesi
1281 2647 1423 2718 usurpata

292 2743 455 2824 disputans¹
469 2745 633 2805 rectissime
659 2741 731 2801 dicit
755 2740 931 2821 (quaestion.
955 2741 1125 2801 Lucisnene
1146 2761 1176 2820 p.
1199 2735 1272 2824 46):
1294 2741 1422 2814 „etenim

181 2903 182 2906 ,
290 2855 326 2930 ut
349 2846 454 2924 reguli
477 2846 664 2925 complectar,
683 2842 853 2921 ubicunque
875 2850 927 2902 ant
949 2841 1050 2902 verbis
1071 2842 1234 2920 perspicuis
1259 2851 1311 2902 aut
1333 2861 1422 2902 sensu
1457 2883 1459 2886 -

292 2957 372 3008 certe
394 2947 514 3029 quidem
538 2949 602 3028 ipso
633 2965 681 3008 res
705 2952 774 3004 ante
800 2944 916 3024 eapitur
937 2945 972 3004 iis
997 2963 1073 3025 quae
1096 2951 1260 3024 sequuntur
1277 2946 1423 3004 centraria

292 3071 381 3132 quam
404 3051 496 3110 indita
514 3043 572 3127 μέν
592 3048 681 3108 liceat
703 3046 875 3126 explanare,
898 3047 939 3107 ibi
955 3048 1055 3124 graeci
1070 3047 1228 3127 scriptores
1246 3047 1338 3127 paulo
1355 3055 1423 3128 post

291 3147 325 3209 δέ
345 3152 502 3217 inferunt.“
547 3153 655 3232 ltaque
677 3152 701 3212 si
732 3147 811 3230 apud
834 3149 1026 3212 Aristotelem
1049 3149 1172 3210 locisic
1195 3151 1356 3230 comparati
1377 3151 1419 3208 iu·

292 3257 458 3328 veniuntur,
495 3275 614 3316 cansam
651 3272 709 3324 non
745 3246 905 3334 video.**),
943 3243 1007 3312 cur
1030 3245 1064 3308 δέ
1094 3261 1160 3331 post
1193 3253 1422 3311 enuntiationem

293 3357 521 3420 conditionalem
559 3354 723 3416 adhibitum
754 3361 836 3413 recte
872 3373 939 3414 sese
975 3354 1085 3415 babere
1120 3371 1264 3431 negemus
1287 3355 1422 3433 quamvis

290 3459 500 3530 mediolanis,
534 3458 586 3518 ubi
620 3457 767 3537 oppositio
798 3475 857 3515 non
890 3465 948 3530 est,
983 3453 1156 3516 mutandum
1190 3456 1237 3518 sit.
1283 3455 1329 3515 cf.
1362 3445 1421 3514 Pe·¹

290 3562 333 3626 lit.
370 3559 460 3626 1287.
483 3561 512 3626 b,
539 3559 596 3623 13:
633 3546 720 3623 ε”τιὸ
748 3555 802 3616 καὶ
820 3550 978 3638 πρότερον
1006 3550 1163 3637 εἰρημένον
1183 3551 1303 3636 :ierim
1336 3551 1421 3634 εἴπερ

291 3658 309 3720 ὁ
342 3652 420 3743 οἶνὴρ
456 3658 473 3720 ὁ
498 3658 675 3732 σπουδαῖος
706 3653 791 3718 διότι
825 3654 966 3740 βελτίων,
998 3649 1104 3739 ἄρχειν
1133 3653 1263 3734 δίκαιος,
1297 3649 1358 3714 aori
1387 3652 1420 3714 δὲ
1511 3735 1512 3738 ¹

222 3764 249 3806 '·
291 3758 357 3838 ἑνὸς
378 3766 408 3824 οἱ
429 3759 487 3824 δύο
510 3760 633 3846 ἀγαθοὶ
656 3758 806 3844 βελτίους.
851 3761 945 3842 Phys.
969 3759 1042 3826 215.
1068 3761 1096 3824 b·
1123 3762 1179 3826 12:
1206 3754 1247 3820 τό
1276 3756 1310 3818 δὲ
1333 3755 1421 3820 κενὸν
1497 3753 1499 3758 ’

344 4003 384 4073 **)
404 4006 434 4056 ln
454 4023 486 4058 oa
503 4004 635 4058 sententia
652 4001 702 4055 hoc
720 4001 867 4067 confirmor,
886 3999 964 4068 cuod
991 3994 1068 4054 ἀλλά
1086 4000 1155 4069 apud
1175 4001 1346 4053 Aristotelem
1364 4016 1418 4052 aas·

289 4095 396 4166 pissime
414 4094 442 4146 in
464 4091 575 4164 apodcsi
592 4095 653 4163 post
669 4087 691 4142 ai
708 4087 858 4142 adhibetur.
