3032 4554
788 193 831 265 74

238 390 316 451 εἰσιν
337 379 355 463 ἢ
374 387 484 463 ἡδοναὶ
510 380 527 464 ri
552 384 608 456 οὐκ
628 377 704 452 circu
725 387 825 465 λύπης
847 382 864 464 ἢ
885 381 1004 468 ἡδονῆς,
1042 395 1175 476 Scaliger
1197 399 1363 478 proposuit:

143 521 145 528 ·
169 531 171 533 -
236 489 573 568 retrocesserat
597 477 675 555 εἶσιν
698 485 715 566 ἢ
737 491 848 567 ἡδοναὶ
873 489 944 568 ἤτοι
967 491 1023 558 οὐκ
1049 491 1119 560 ἄνευ
1140 494 1237 571 λύπης
1257 489 1274 567 ἢ
1296 495 1362 570 ἡδο.

238 605 297 676 vic,
321 620 378 662 nen
401 611 580 672 metentem
602 601 626 660 si
649 601 731 661 loeus
755 600 911 661 mutandus
934 613 1012 663 esset
1034 601 1127 684 (quod
1150 603 1268 665 minime
1291 623 1363 684 opus

237 709 296 780 est)
331 723 391 764 non
415 696 484 772 ἤτοι
506 694 562 760 οὐκ
583 702 635 763 sed
660 692 677 773 ’l
698 696 834 782 οὔτοι-γέ
863 705 1048 766 scribendum
1078 716 1171 779 esset,
1208 707 1245 768 cl.
1270 706 1363 766 Mete-

216 793 325 890 phys.
363 805 453 870 1035.
477 826 503 872 re
528 806 579 872 30·
625 807 732 889 Neque
765 806 843 888 quod
878 808 979 886 Magn.
1015 809 1118 871 llloral.
1140 807 1248 884 ‚1203
1273 829 1299 871 a.
1323 807 1364 870 24

236 911 346 972 veluit:
383 899 517 982 ἦδῆλον
540 898 593 968 ὅτι
617 902 707 968 οὗτοι
742 912 811 970 ferri
845 920 953 992 potest,
983 914 1021 974 ef:
1044 913 1186 992 palatii).
1231 913 1280 971 De
1303 913 1365 972 Xe·

238 1013 326 1094 noplr.
350 1013 423 1078 977.
439 993 476 1078 ὀ.
499 1015 552 1086 llil,
580 1013 630 1074 ubi
663 1012 820 1074 Ileklrerus
842 1034 910 1074 cum·
931 1014 1032 1074 codiee
1056 1015 1202 1095 Lipsieusi
1226 1008 1289 1074 ἕποι’
1312 1011 1364 1070 τοί

237 1134 271 1194 γε
292 1117 374 1195 legit,
399 1115 545 1190 Bergkius
575 1126 605 1176 ct
628 1116 806 1176 Mullaclrius
830 1111 905 1199 (vid.
925 1117 963 1177 ad
987 1117 1014 1176 lt.
1041 1117 1076 1188 l.)
1100 1115 1164 1175 ἐπεὶ
1186 1111 1280 1194 culpe
1304 1137 1363 1176 ma·
1424 1114 1427 1120 ’

236 1215 309 1279 lunt.
356 1217 508 1298 'Plreopha
531 1218 597 1282 hist.
618 1218 709 1298 plant.
731 1218 756 1277 Ι.
783 1219 808 1280 l.
832 1218 868 1280 3:
907 1221 982 1276 lorus
1004 1215 1037 1276 δὲ
1060 1208 1364 1296 παραπλησίως”καὶ

235 1313 280 1378 τοὶ
301 1317 371 1400 περὶ
404 1313 464 1390 τήν
490 1312 669 1398 βλάστησιν
689 1310 777 1399 ἔχειν.
808 1315 825 1388 ἡ
855 1315 915 1400 yolp
945 1341 995 1378 τοι
1026 1316 1200 1399 βλάστησις
1223 1316 1365 1398 γενέσεως

234 1417 328 1504 χάριν
348 1420 415 1484 ἐστὶ
439 1429 495 1493 τὴς
517 1421 646 1494 τελείας.
692 1425 750 1488 III.
774 1421 803 1487 7.
826 1423 854 1496 3,
878 1424 928 1483 aot
951 1424 1041 1502 vulgo
1058 1424 1183 1500 legitur:
1206 1417 1289 1504 φέρει
1310 1417 1364 1500 μὲν

235 1523 288 1584 καὶ
313 1521 329 1598 ἡ
352 1518 565 1607 καρποφόρος,
591 1526 613 1584 εἶ
640 1519 679 1607 μὴ
700 1525 753 1584 καὶ
776 1533 881 1604 πᾶσα,
908 1520 992 1586 α’λλᾶ
1014 1524 1065 1584 καὶ
1088 1522 1175 1604 γένος
1195 1548 1228 1584 τι
1252 1515 1364 1602 αὐτοῖς,

236 1627 373 1692 οοοῐκαί
397 1632 478 1691 nullo
508 1630 594 1692 modo
619 1633 687 1692 lerri
718 1651 807 1719 posse
831 1631 957 1712 eluceat,
994 1633 1170 1691 Wimmerus
1202 1621 1288 1688 ἄλλο’
1312 1649 1364 1686 τοι
1454 1637 1461 1650 ·

236 1735 361 1814 scripsit.

668 2324 919 2407 Excursus.

271 2500 309 2563 lc
328 2497 490 2561 disrrlmluc
514 2498 625 2561 rllrcurll
648 2498 779 2576 ratiouls,
804 2501 878 2581 quoti
902 2501 932 2566 iu
954 2499 1036 2562 lllrrls
1057 2499 1159 2564 ltlrlrls
1181 2499 1329 2564 larrultur.

319 2671 366 2730 Ex
402 2671 552 2750 particulis
584 2669 745 2731 tractandis
779 2682 922 2751 quantum
960 2672 997 2732 ad
1035 2672 1216 2750 singulorum
1240 2671 1367 2752 ‚Aristo-

229 2773 299 2835 telis
329 2758 502 2852 scriptorum
534 2774 677 2834 ratieucrn
711 2775 816 2833 melius
848 2775 1069 2852 intelligendam
1098 2776 1174 2850 effici
1198 2776 1298 2854 pessit,
1334 2783 1367 2834 ut

234 2896 291 2936 uuo
324 2875 463 2954 exeruplo
500 2876 652 2949 illustrem,
689 2877 792 2956 paucis
825 2876 862 2936 de
897 2877 1078 2954 singulorum
1110 2878 1251 2936 librorum
1284 2875 1365 2936 Ethi-

234 2997 334 3040 eorum
374 2963 570 3057 discrepantia
610 2978 709 3038 dicere
747 2979 842 3043 liccat.
897 2980 971 3039 Cum
1005 2981 1083 3039 enim
1121 2979 1269 3040 uoumrllis
1301 2976 1364 3062 jem

238 3081 308 3140 locis
340 3082 548 3152 monuerimus,
584 3082 743 3162 particulas
781 3083 922 3162 quasdam
955 3102 1015 3156 nrm
1051 3082 1081 3139 iu
1119 3082 1254 3142 omuibus
1283 3083 1366 3141 Ethi-

239 3203 336 3244 cerum
366 3184 448 3244 libris
478 3183 585 3243 eodem
613 3183 698 3244 morlo
727 3185 878 3258 adhiberi,
912 3203 989 3244 nuuc
1012 3177 1148 3244 conleudi
1171 3194 1285 3263 potest,
1323 3183 1385 3242 ‹ti-⁴

234 3266 326 3346 candi
341 3290 483 3347 rationem
512 3287 635 3346 aliorum
659 3287 796 3347 librorum
819 3289 859 3346 ita
875 3287 984 3347 distare
1011 3287 1048 3346 ab
1075 3286 1148 3358 aliis,
1173 3295 1205 3344 ut
1219 3288 1366 3344 Aristote-

231 3389 289 3449 lem
305 3408 404 3448 omucs
420 3391 559 3449 contiuuo
576 3390 728 3470 scripsisse
749 3391 800 3450 vix
817 3390 905 3450 statui
922 3391 1022 3470 possit.
1061 3389 1107 3447 lta
1122 3398 1221 3448 autem
1236 3408 1284 3448 res
1299 3407 1366 3448 sese

231 3493 330 3569 hebet,
354 3503 386 3554 ut
402 3493 421 3557 l.
438 3504 569 3567 octavus,
593 3514 696 3569 nouus,
719 3494 860 3566 ricciarius,
886 3515 950 3552 eum
967 3493 1156 3554 alr-omuibus
1172 3513 1230 3551 neu
1253 3501 1366 3552 tautum
1427 3505 1430 3512 '

234 3595 315 3655 libris
339 3595 453 3655 Etlticis
476 3596 528 3655 sed
548 3597 684 3656 carnibus
713 3596 901 3657 Aristotslcis
923 3597 1077 3670 differant,
1117 3598 1193 3654 iuter
1214 3615 1245 3655 se
1278 3597 1366 3676 plane

208 3701 432 3779 Ιοοοοοιιοὶοοῒς
458 3699 534 3759 iuter
554 3699 574 3758 l.
598 3700 720 3760 litlrlces
736 3701 865 3759 maxime
890 3699 908 3757 l.
932 3700 1060 3778 quintus,
1085 3707 1196 3773 sextus,
1223 3700 1365 3779 septimus
1418 3695 1426 3712 ⁸

232 3801 270 3861 ab
293 3801 328 3860 iis
350 3802 473 3876 distant,
504 3803 597 3862 ceteri
629 3806 712 3883 quusi
746 3805 775 3863 in
801 3797 898 3862 medio
924 3803 1009 3880 positi
1034 3811 1111 3874 sunt,
1146 3803 1187 3859 ita
1213 3811 1311 3860 tamen
1334 3807 1366 3859 ut

229 3903 251 3966 l.
287 3903 396 3982 primus
431 3915 460 3964 et
498 3904 645 3965 scemulus
678 3908 772 3983 magis
807 3904 843 3964 acl
867 3903 887 3966 l.
912 3904 949 3964 V.
973 3905 1025 3968 Vl.
1050 3905 1119 3978 Vll,
1158 3905 1176 3966 l.
1209 3904 1312 3962 tertius
1334 3912 1369 3987 et·

230 4015 354 4086 quartus
376 4007 413 4066 rui
443 4007 533 4067 libros
569 4019 733 4088 postremos
757 4007 910 4068 accedant.
954 4006 1002 4066 De
1025 4007 1117 4067 libros
1139 4007 1294 4087 postremis
1317 4024 1365 4063 au·

228 4117 287 4170 tem
313 4108 355 4168 itu
372 4107 482 4186 judico,
506 4120 537 4169 ut
560 4110 583 4169 si
609 4109 678 4192 quid
702 4130 740 4170 ex
762 4109 911 4185 laudibus,
948 4109 1053 4189 quibus
1083 4110 1241 4187 scriptores
1265 4107 1364 4167 Latini
