3032 4554
590 219 702 302 'rt

123 431 218 491 altera
235 423 378 514 particula
398 423 574 504 copulativa,
607 420 658 482 sed
691 415 725 512 di
747 419 924 502 respondet,
959 419 1038 503 quod
1072 439 1137 487 cum
1169 418 1247 502 apud

124 533 249 610 optimos
286 529 443 606 scriptores
466 523 559 604 hut*)
593 527 710 585 minimo
730 523 860 584 offendit.
904 523 979 584 cun
1011 544 1082 584 vero
1116 523 1249 586 nonnulli

124 632 181 693 loci
203 630 413 699 invenirentur,
436 627 544 708 quibus
567 624 639 707 quid
662 626 824 706 particulae
847 621 883 683 τέ
905 624 1096 706 responderet
1118 628 1175 686 non
1196 641 1247 706 sp·
1305 626 1324 698 s

124 742 240 814 pareret
262 729 402 811 atque'id
426 729 553 812 maxime
563 727 632 808 'fieri
655 726 812 798 videretur,
836 728 860 786 si
875 723 911 784 cl
931 722 993 807 γάρ
1015 730 1141 808 positum
1160 736 1249 802 esset,

123 836 274 897 notissima
295 833 346 892 illu
371 831 503 892 doctrina
524 839 628 891 exorta
649 840 695 891 est
709 839 797 902 arma
817 821 946 890 emnium
960 815 1023 891 fere
1046 831 1248 908 grammatico·

124 959 188 998 rum
208 955 353 997 consensu
375 925 509 1016 proheta,
542 935 716 1013 particulam
739 927 775 992 τέ
804 935 835 993 in
858 933 954 994 verbis
974 927 1010 989 τὲ
1029 926 1092 1012 γάρ
1112 956 1170 994 non
1186 936 1249 1014 jam
1359 1003 1362 1008 Ι
1396 981 1399 986 .

125 1040 271 1122 copulare,
292 1038 344 1098 sed
366 1033 402 1095 τὲ
425 1029 486 1116 γάρ
506 1037 577 1096 nihil
593 1037 672 1097 eliud
688 1037 853 1116 significare
875 1038 930 1097 nisi
953 1035 1252 1136 „namquoptanim‘t

125 1148 166 1206 ita
189 1153 222 1203 ut
245 1141 318 1203 nihil
341 1138 559 1200 desideraretur
581 1160 639 1220 qno
662 1133 698 1197 τέ
721 1141 915 1221 exciperetur.
960 1139 1069 1200 Klotzii
1092 1141 1143 1222 qui
1166 1160 1250 1201 accu-
1377 1135 1387 1145 ’

126 1247 270 1308 ratissima
294 1243 332 1304 de
353 1264 390 1304 ea
411 1263 443 1304 re
477 1242 637 1324 disputavit
670 1243 707 1304 01.
732 1253 832 1307 annot.
865 1242 902 1303 ad
928 1245 1039 1305 Devnr.
1071 1241 1248 1319 740-752,
1358 1294 1372 1344 ⁶.

127 1350 217 1412 verbu
240 1349 313 1408 haec
333 1357 399 1407 sunt
421 1343 496 1416 (749
520 1347 574 1407 suh
590 1345 710 1424 finem)t
755 1344 838 1420 „Sed
861 1355 958 1407 temen
974 1346 1052 1407 haud
1074 1368 1140 1407 raro
1161 1349 1250 1410 etiam
1273 1349 1277 1356 ⁴

127 1450 311 1526 factumest,
335 1461 367 1511 nt
390 1445 425 1508 τὲ
447 1437 509 1529 γάῤ
531 1449 693 1528 particulae
715 1449 756 1508 ita
779 1448 867 1529 plane
891 1458 1073 1530 ponerentur.
1103 1471 1191 1531 quem
1213 1451 1250 1513 sd

127 1556 246 1618 modum
270 1554 395 1614 Latinae
416 1571 505 1612 voces
529 1552 636 1611 etenim
661 1552 707 1612 vel
730 1570 866 1631 numque¹
898 1573 995 1634 nequo
1015 1554 1139 1614 alterum
1159 1540 1249 1617 mem·

124 1648 211 1721 hrum
234 1666 284 1718 001
306 1662 465 1736 poneretur
487 1655 585 1713 autin
606 1654 720 1734 reliqua
744 1655 883 1715 orationis
906 1656 1137 1716 conformatione
1161 1657 1250 1733 signi·

128 1763 263 1822 ficeretur
284 1779 431 1840 quoquam
452 1757 548 1832 modo,
573 1759 677 1839 quibus
701 1759 731 1818 in
754 1759 826 1818 locis
849 1759 1018 1822 rectissume
1041 1754 1081 1823 G.
1108 1761 1251 1821 Herman-

129 1884 183 1924 uus
208 1862 244 1923 nd
270 1861 422 1942 Sophoclis
444 1861 668 1922 'Prachiniarurn
703 1881 820 1922 versum
861 1861 950 1925 1015.
985 1884 1015 1943 p·
1042 1862 1110 1926 176.
1133 1864 1185 1939 011,
1216 1857 1252 1921 τὲ

128 1965 201 2026 111οι1
225 1986 281 2024 non
304 1964 452 2043 copulare,
473 1963 525 2023 sed
549 1964 645 2024 lenius
667 1963 821 2024 adfirmare
843 1984 930 2044 quum
952 1962 1014 2040 τοί,
1051 1964 1130 2025 unde
1151 1976 1251 2026 nutum

61 2131 62 2136 ,
130 2079 207 2128 essct
229 2079 261 2128 ut
282 2062 461 2128 Germanice
483 2088 535 2146 per
563 2068 597 2145 ju
629 2066 678 2128 vel
701 2067 777 2126 wohl
797 2068 921 2148 exprimi
945 2079 1052 2148 posset.
1097 2068 1251 2130 1111111110

129 2171 248 2250 quidem
271 2171 474 2251 1001010001
502 2171 639 2249 loquitur,
676 2169 705 2228 id
738 2190 792 2249 per
813 2167 848 2228 τὲ
871 2166 932 2250 γάρ
956 2171 1112 2251 particulae
1136 2171 1253 2232 videtur

9 2269 11 2274 ’
130 2270 208 2334 velle
231 2273 407 2351 significare,
442 2294 475 2333 se
494 2293 559 2334 cum
589 2273 674 2353 plura
697 2276 916 2334 commemorari
941 2276 1065 2354 possint,
1089 2273 1153 2348 hoc,
1174 2275 1252 2355 quod

126 2379 188 2456 jani
212 2377 310 2450 infert,
335 2399 387 2457 per
404 2362 465 2455 prio
485 2378 658 2458 perticulam
681 2398 697 2437 a
721 2377 852 2458 pluribus
877 2376 964 2438 rebus
987 2378 1179 2457 potissumum
1201 2399 1251 2460 po·

130 2501 210 2557 nere,
245 2491 277 2540 ut
310 2501 433 2539 caussae
467 2479 591 2540 redditio
615 2501 674 2540 non
696 2483 760 2540 sine
779 2480 906 2561 quadum
929 2481 1155 2560 amplificatione
1175 2483 1253 2545 fint.“
1315 2559 1318 2564 Ι

129 2603 197 2662 pag.
217 2581 288 2647 750.
312 2583 410 2643 addit:
436 2585 616 2662 „posteriore
637 2591 769 2664 ternpore
785 2583 906 2670 indenh
921 2580 1083 2646 Aristotele
1098 2583 1253 2646 admodum

94 2701 100 2714 ⁸
129 2687 307 2766 frequentari
329 2687 379 2746 ille
403 2687 506 2746 haruin
521 2685 729 2766 particularum
751 2705 821 2746 usus
840 2694 960 2767 coeptus
982 2688 1060 2745 est.“
1105 2687 1253 2768 png.'152

129 2790 202 2851 (1000
224 2791 306 2852 locos·
329 2810 367 2850 ex
391 2789 523 2850 Politicis
552 2791 645 2861 011011,
678 2791 785 2873 quihus
818 2789 869 2850 ille
891 2810 961 2849 usus
984 2790 1101 2870 probari
1122 2791 1255 2854 videtur:
1368 2780 1370 2783 ⁵
1405 2779 1410 2788 ’

59 2936 66 2942 -
132 2892 222 2957 1256.
245 2913 272 2952 a·
295 2893 345 2969 23,
383 2893 578 2955 1331102.
623 2894 709 2953 Solus
729 2893 913 2970 Hartungius
933 2893 1013 2972 quod
1033 2896 1124 2977 sciam
1145 2897 1165 2955 l.
1187 2896 1205 2956 l.
1230 2896 1261 2959 1:

131 3011 200 3071 pag.
222 2993 292 3056 115.
327 2994 406 3052 illam
441 2993 603 3052 doctrinam
633 3014 692 3052 non
713 2995 836 3073 accepit,
871 2992 923 3052 sed
945 2994 1130 3055 Fritzechius
1153 2995 1194 3079 (r.
1217 2996 1254 3056 ad
1310 3062 1333 3077 ,ι

130 3094 227 3154 Ethic.
256 3096 342 3160 1161.
367 3116 393 3156 e.
421 3092 481 3166 18.)
501 3107 601 3155 contra
622 3115 688 3154 cum
710 3095 798 3155 dicit:
843 3095 1022 3167 „Particulis
1045 3093 1080 3152 τὲ
1102 3093 1163 3176 γάρ
1183 3098 1211 3157 h.
1235 3096 1255 3158 l.

130 3197 233 3256 eodem
256 3195 351 3266 modo,
384 3217 447 3276 quo·
469 3185 568 3256 Latini
602 3197 719 3271 etenim,
756 3215 846 3255 causa
868 3194 1021 3271 indicatur,
1057 3198 1095 3257 de
1118 3218 1176 3277 quo
1200 3218 1256 3258 usu

129 3300 235 3360 iniuriis
258 3301 295 3359 uh
317 3300 474 3376 Herlungo
497 3295 536 3380 (si
558 3309 646 3370 recte,
670 3318 748 3378 quae
771 3297 847 3357 dixit
869 3299 899 3356 in
915 3298 934 3360 1.
958 3320 1015 3358 von
1031 3300 1087 3358 den
1103 3299 1255 3362 Pertilroln

129 3401 182 3460 der
203 3401 407 3477 griechischen
439 3400 570 3480 Sprache
602 3403 626 3474 I,
662 3422 692 3480 p.
715 3398 785 3461 111).
822 3395 970 3478 intelligo)
1000 3399 1180 3475 addubitato,
1217 3423 1254 3461 ex
1351 3441 1353 3443 -

131 3497 300 3560 Aristotelis
325 3501 440 3579 scriptis
473 3501 546 3558 haec
576 3502 712 3578 exemplu
740 3497 873 3559 subicere
896 3502 992 3560 visum
1017 3511 1075 3560 est:
1113 3497 1191 3565 Gen.
1216 3505 1253 3567 A.

129 3591 227 3676 121,
251 3622 279 3681 p.
304 3600 375 3666 720.
399 3602 427 3663 1).
446 3599 479 3676 0,
514 3601 553 3664 11.
578 3603 606 3676 7,
630 3623 659 3681 p.
677 3600 747 3663 747.
769 3591 797 3660 0.
821 3600 869 3664 13.
894 3601 965 3665 1101.
982 3603 1037 3664 lit
1061 3603 1091 3678 6,
1116 3626 1145 3684 p·
1163 3604 1254 3668 1071.

62 3693 64 3700 ’
130 3704 158 3766 b.
181 3702 211 3766 5.
249 3705 273 3766 Ι.
297 3700 327 3772 2,
350 3725 379 3782 p.
402 3702 475 3768 083.
498 3725 525 3768 u.
548 3703 641 3777 6-8,
676 3703 751 3763 XII.
772 3701 802 3776 9,
826 3725 854 3782 p.
884 3701 971 3768 1086·
995 3725 1022 3767 e.
1045 3704 1092 3770 16.
1128 3707 1182 3767 IV.
1204 3706 1255 3780 27,

129 3826 159 3884 p.
184 3803 275 3870 1024.
299 3825 327 3864 u.
351 3805 400 3866 12.
443 3807 537 3886 Phys.
559 3807 584 3868 1:
607 3804 636 3879 3,
656 3826 685 3885 p.
710 3805 779 3870 186.
803 3806 832 3867 b.
860 3803 909 3868 19.
953 3807 1073 3866 hleteor.
1100 3808 1141 3867 11.
1165 3806 1193 3883 8,
1225 3831 1255 3889 p.

36 3923 482 4022 .''''‘r,}fJ('10tz.annot.
501 3954 533 4006 nd
552 3956 703 4010 Devnrium.
722 3971 782 4021 pag·
794 3958 851 4007 741.
875 3955 1014 4006 Fritzsche.
1034 3954 1066 4007 sd
1085 3958 1256 4011 Ethllicom.

134 4041 206 4090 1163.
226 4058 249 4093 s.
268 4044 317 4106 26,-
348 4041 416 4106 npud
443 4042 615 4091 Aristotelem
637 4042 749 4092 maxime
770 4035 872 4108 ὁμοίως
891 4034 918 4092 δὲ
937 4041 985 4093 καί
1003 4045 1147 4109 particulae
1167 4048 1197 4096 rt
1211 4041 1256 4096 'ro-

130 4125 245 4188 spundet,
1024 4149 1026 4154 ·
