3032 4554
110 489 197 584 γαθᾶ
221 485 294 564 ἄξια
317 483 447 571 οἰόμεθα
468 488 606 563 σπουδῆς
627 459 718 564 εἶναι,
753 488 806 550 καί
839 483 884 550 τοί
918 485 1127 570 συντείνοντα
1148 486 1276 572 πρδς

112 585 243 662 αίπδ”
226 589 344 653 οσαδὲ
365 587 462 672 μηθέν
484 615 518 650 τι
541 615 557 662 η
577 586 704 673 μικρόν,
716 587 839 666 σι’δενδς
857 585 930 664 ἄξια
952 588 1226 673 ὑπολαμβάνομεν

112 698 183 782 τρία
207 692 322 754 δ’ἐστὶν
357 690 421 764 sitin
452 686 612 774 ὀλιγωρίας
633 691 871 776 καταφρόνησις
902 715 938 752 τε
966 691 1019 753 καί
1018 690 1230 776 ἕπορεασμδς

111 800 162 863 καὶ
182 788 264 880 ὕβρις
288 776 339 858 seri
363 795 549 861 scribendum
573 803 634 859 est:
652 788 732 854 Ιἐπεὶ
754 790 799 867 δή
821 789 966 878 ὀλιγωρία
988 794 1075 855 ἐστίν
1097 792 1228 878 ἐνέργεια

111 899 197 974 δόξης
215 897 286 979 περὶ
308 892 347 957 τὸ
372 891 498 980 μηδενὸς
520 890 608 968 ἄξιον
628 893 819 979 φαινόμενον
840 894 907 980 (καὶ
930 891 991 978 γὰρ
1011 892 1056 956 τά
1080 892 1161 958 κακοί
1176 895 1229 959 καί

111 994 243 1082 τοίγαθοέ
267 991 340 1069 ἄξια
362 993 495 1080 οἰόμεθα
510 992 650 1071 σποοδῆς
671 997 762 1071 εἶναι,
784 990 837 1058 καὶ
859 992 904 1074 τοί
926 996 1133 1058 συντείνοντα
1155 995 1249 1082 πρδς1
1354 1018 1357 1024 ·

113 1095 207 1181 οὗτοί·
231 1091 293 1157 ὅσα
308 1095 341 1156 δὲ
364 1097 456 1177 μηδὲν
471 1122 503 1158 τι
524 1089 541 1170 t
560 1094 677 1180 μικρόν,
693 1095 826 1178 οὐδενὸς
849 1093 923 1172 ἄξια
944 1093 1229 1179 ὑπολαμβάνομεν),

111 1203 183 1285 τρία
205 1194 242 1272 δὴ
263 1197 352 1258 ἐστὶν
367 1195 436 1270 ἐἴδη
458 1197 619 1280 ὀλιγωρίας
639 1198 885 1284 κατοίφρονησίς·
904 1223 940 1261 τε
972 1199 1025 1259 καὶ
1043 1196 1233 1322 ἕπηρεοισρδς

112 1303 164 1365 καὶ
185 1297 274 1383 ὕβρις.
318 1302 417 1362 Ethie
445 1303 535 1368 1118
560 1303 592 1364 1).
611 1299 702 1382 21*,)
726 1305 775 1365 ubi
790 1305 912 1382 legitur
927 1299 1003 1420 περὶ
1025 1300 1058 1360 δὲ
1078 1300 1135 1374 τας
1151 1301 1232 1375 ιδιας

113 1411 175 1466 utin
206 1393 326 1473 ἡδονῶν
361 1402 477 1462 πολλοι
513 1401 567 1460 καὶ
595 1398 766 1508 πολλαχῶς
801 1397 1068 1525 ἅγιαρτρίνοοσιν·
1086 1426 1150 1464 των
1172 1400 1233 1486 γοίρ

113 1499 344 1624 φιλοτοιοοίτων
362 1489 579 1623 λεγομένιρν
562 1527 646 1586 ητῳ
669 1501 786 1587 χαίρειν
809 1501 854 1576 οἷς
874 1499 915 1585 μὴ
948 1494 1068 1580 δεῖ,
1051 1513 1131 1586 nasi
1153 1499 1231 1587 μᾶλέ

113 1612 178 1683 λον,
196 1631 212 1676 η
235 1627 273 1674 ως
295 1606 324 1662 οἱ
348 1597 507 1662 πολλοί
492 1628 508 1674 η
530 1600 570 1684 μὴ
598 1603 635 1677 είς
658 1605 715 1678 δεῖ,
737 1600 822 1664 κατὰ
845 1600 958 1664 πάντα
977 1599 1034 1664 δὀἱ
1056 1600 1233 1666 ἀκόλαστοι
1327 1605 1349 1644 ·’

115 1701 384 1796 ὑπερβάλλουσιν,
403 1715 471 1786 post
498 1701 611 1766 ποίντα
645 1729 701 1769 non
735 1708 879 1790 particula
913 1704 956 1779 δέ,
989 1730 1067 1790 quae
1097 1711 1232 1792 opponit,

68 1865 71 1873 .
115 1816 206 1893 locum
225 1810 326 1881 hahet,
361 1808 413 1869 sed
437 1803 485 1884 chi,
511 1830 588 1890 quae
609 1831 645 1870 ea
675 1810 904 1892 comprehendat
938 1831 1014 1890 quae
1047 1812 1235 1904 antecedunt,

115 1920 155 1975 ita
177 1922 209 1971 ut
227 1912 315 1970 lectio
338 1911 448 1970 codicis
467 1909 517 1970 Mb
548 1905 585 1979 δή
607 1913 777 1993 recipienda
799 1911 848 1976 sit.
890 1913 956 1972 Ηοο
977 1933 1048 1972 vero
1070 1914 1147 1975 haud
1167 1937 1233 1975 raro
1325 1939 1327 1942 ·

116 2019 143 2078 in
170 2015 252 2075 libris
286 2008 475 2072 Aristoteleis
511 2014 654 2087 invenias,
687 2014 766 2094 quod
789 2008 918 2101 ‘sudines
952 2013 1073 2096 quidem¹
1104 2019 1234 2078 nonnulli
1302 2075 1305 2080 .

115 2137 215 2178 verum
237 2115 409 2194 praebeant,
434 2114 563 2175 editores
586 2126 683 2175 autem
706 2116 874 2195 philosophi
896 2115 1013 2176 dicendi
1028 2138 1083 2178 usu
1097 2120 1234 2196 neglecto
1384 2103 1412 2153 ¹·

115 2220 187 2278 alins
218 2217 310 2277 secuti
341 2216 410 2274 sint.
454 2215 515 2276 Sed
543 2219 605 2294 jam
639 2218 757 2277 videtur
788 2219 860 2277 satis
894 2216 1072 2298 disputatum
1108 2240 1173 2281 esse
1197 2221 1235 2281 de

115 2319 256 2401 particula
292 2312 326 2374 δι’
359 2319 396 2377 in
424 2299 568 2399 epodosi;
600 2330 633 2379 ut
665 2341 805 2380 summam
842 2321 1005 2380 sententiae
1028 2341 1112 2382 aneae
1135 2325 1235 2403 paneis

116 2420 213 2480 verbis
236 2419 503 2500 comprehendamz
532 2417 566 2479 δέ
587 2423 618 2481 in
642 2422 765 2502 apodosi
786 2431 943 2501 usurpatur
966 2431 1017 2481 aut
1039 2425 1081 2482 ita
1101 2434 1132 2482 ut
1151 2445 1235 2506 repe·

116 2532 192 2582 tatur
214 2522 291 2602 apud
316 2521 576 2583 demonstrativum
599 2543 664 2583 curn
680 2525 870 2585 antecesserit
890 2523 968 2605 apud
990 2525 1146 2586 relativum
1165 2523 1236 2606 (hue

117 2645 167 2683 eos
191 2643 307 2704 quoque
340 2625 422 2684 looos
446 2625 555 2700 refero,
590 2627 696 2706 quihus
719 2621 773 2705 μέν
795 2659 845 2699 -,
867 2620 922 2705 μέν
941 2657 992 2700 --,
1015 2622 1048 2684 δέ
1069 2661 1116 2702 -,
1140 2623 1174 2685 δέ
1195 2631 1237 2690 in·

117 2726 243 2798 venitur)
277 2734 328 2784 aut
361 2735 428 2806 post
458 2727 732 2804 demonstrativum,
765 2738 831 2787 cum
863 2747 922 2786 non
950 2731 1149 2804 antecesserit,
1183 2729 1236 2790 sed

32 2869 35 2883 .
118 2828 278 2887 enuntiatio
308 2827 540 2908 demonstrativa
571 2824 785 2910 quodammodo
815 2839 981 2909 opponatur
1002 2831 1152 2906 relativae,
1187 2842 1239 2910 aut

91 2917 184 3007 spon
205 2931 377 3008 particulam
399 2931 433 3004 εἰ,
466 2933 516 2991 uhi
550 2932 688 3012 apodesis
722 2933 858 3013 opposita
893 2942 937 2992 est
970 2934 1100 3014 protasi;
1132 2937 1174 2995 ita
1205 2944 1239 2993 ut

120 3030 200 3090 illum
233 3052 319 3091 usum
340 3035 428 3093 certis
458 3033 633 3116 quibusdam
658 3034 765 3094 finibus
787 3034 1036 3117 circumscriptum
1074 3056 1139 3096 esse
1173 3057 1238 3096 een·
1282 3035 1286 3044 '

118 3153 207 3194 seam.
246 3205 251 3211 ¹
1483 3195 1484 3238 ,

202 3237 263 3298 Per
284 3238 500 3299 anacoluthiam
522 3239 670 3330 quandam
693 3235 726 3298 δέ
748 3240 827 3301 haud
850 3262 916 3302 raro
939 3249 1104 3322 usurpatur,
1127 3242 1177 3303 uhi
1200 3263 1237 3304 ex

120 3342 319 3404 enuntiatione
353 3343 479 3404 relativa
512 3347 665 3426 repentino
689 3347 838 3408 transitur
860 3346 890 3406 in
912 3345 1073 3406 relativam.
1116 3345 1237 3429 Physie.
1483 3345 1484 3428 1

53 3393 1381 3527 'MbffiwwmwfflmQMWWWw÷*

119 3567 184 3605 των
200 3538 363 3629 αλλων,
340 3545 462 3630 ανοίγκη
483 3557 613 3634 πρῶτον
636 3550 725 3618 εἶναι
753 3555 848 3636 Phys
872 3553 987 3619 2601).
1015 3553 1064 3629 18,
1088 3555 1137 3635 qui
1156 3555 1238 3617 loeufl
1282 3575 1286 3624 t

31 3673 32 3682 ¹
120 3649 181 3711 iere
203 3654 307 3715 eodem
329 3656 417 3718 modo
442 3667 628 3739 comparatus
653 3667 713 3720 est:
748 3654 872 3736 λέγεται
902 3653 936 3715 δὲ
958 3651 1123 3742 πρότερον,
1144 3649 1181 3715 οὗ
1202 3676 1239 3719 πε

119 3747 157 3831 μὴ
179 3748 271 3829 ὄντος
294 3755 351 3816 οὐκ
372 3763 466 3818 ἐσται
488 3753 609 3836 τᾶλλα,
632 3760 727 3820 ἐκεῖνο
751 3752 941 3820 δ’ἄνεοτῶν
964 3754 1079 3821 ἄλλον.
1122 3761 1169 3823 Ea
1190 3784 1239 3823 au·

101 3865 177 3926 ,tem
198 3861 393 3937 anacoluthia,
417 3866 464 3925 eui
493 3866 652 3947 praecipue
684 3866 715 3925 in
750 3866 919 3926 notionibus
948 3865 1122 3925 definiendis
1158 3867 1239 3927 locus

122 3969 173 4028 est,
198 3966 315 4046 saepius
337 3975 452 4027 tantum
474 3967 562 4029 modo
585 3969 614 4029 in
637 3969 851 4050 Metaphysieis
865 3979 904 4029 et
925 3968 1062 4057 Physicis
1082 3968 1237 4035 invenitur.
1334 3999 1336 4004 ⁸

122 4109 321 4128 ''Ma-

148 4257 150 4262 ἲ
188 4178 212 4245 *)
231 4198 257 4232 v.
275 4182 307 4235 ds
327 4163 377 4234 hoo
395 4183 455 4254 tono
474 4155 511 4238 M.
531 4186 697 4244 Vermehren.
713 4189 823 4240 Aristot.
842 4189 1043 4244 Schrittstslleu.
1062 4207 1088 4258 p.
1109 4194 1219 4249 2446.
