3032 4554
227 1195 372 1272 Omnibus
392 1209 443 1289 qui
456 1207 612 1281 ¹in·literis
645 1204 806 1273 tractandis
836 1206 949 1288 aliquid
982 1206 1125 1288 prolicere
1160 1204 1266 1280 velint,

142 1317 185 1374 lta
206 1311 323 1374 ridetur
340 1331 388 1372 res
409 1309 590 1371 instituendo
623 1328 699 1381 esse,
733 1317 763 1368 ut
798 1328 864 1368 curu
895 1311 1020 1390 primum
1053 1306 1267 1386 singulas⁰res
1305 1343 1306 1346 =

143 1422 279 1477 accurate
302 1413 553 1494 pertractaverint,
570 1393 573 1396 ¹
589 1411 644 1470 hoc
676 1411 760 1490 quasi
794 1409 985 1473 fundamento
1023 1411 1180 1488 constituto
1212 1429 1267 1469 ,eus

143 1518 226 1595 leges
250 1524 338 1596 atque
360 1515 491 1574 rationes
514 1531 592 1592 quae
615 1512 645 1572 iu
669 1513 838 1572 universum
860 1513 981 1573 valeant
1003 1503 1182 1590 cognoscere
1205 1519 1265 1570 stu·

105 1677 108 1684 ⁴
144 1618 251 1704 deant.¹
287 1617 322 1677 Id
345 1616 425 1697 quod
458 1616 587 1676 maxime
615 1613 654 1675 de
682 1615 718 1675 iis
742 1609 829 1675 ¹velet
858 1616 908 1695 qui
943 1615 980 1676 do
1013 1634 1146 1675 sermono
1177 1620 1267 1694 etque
1350 1661 1351 1666 1

143 1718 262 1780 dicendi
295 1719 408 1779 ratione
437 1709 586 1798 scriptoris
608 1715 762 1796 cujusdam
783 1736 886 1794 agere
920 1719 1024 1794 velint,
1058 1737 1156 1797 neque
1192 1717 1269 1809 enim

145 1824 287 1900 exiguum
305 1821 467 1902 periculum
489 1829 550 1894 est,
584 1839 622 1880 ne
645 1820 769 1896 singulis
792 1819 880 1886 rebus
904 1819 1048 1897 neglectis
1071 1839 1148 1879 vana
1180 1829 1289 1898 atquev
1378 1844 1380 1849 ·
1440 1897 1441 1902 η

144 1925 245 2006 inania¹
276 1909 463 1987 chntcudant.
523 1923 631 2003 Itaque
665 1941 732 1982 cunr
764 1920 801 1980 de
837 1917 1005 1982 Aristotelis
1056 1919 1172 1982 dicendi
1213 1941 1270 1980 usu
1314 2001 1317 2006 Ι
1416 1937 1417 1940 ’

61 2073 63 2078 .
147 2046 237 2102 agere
273 2020 345 2085 mihi
383 2027 602 2105 proposuerim,
643 2034 712 2084 ante
755 2025 854 2084 omnia
880 2023 917 2084 do
955 2025 1080 2101 siugulis
1117 2023 1268 2103 particulis

72 2109 74 2114 Ι
145 2127 295 2208 quomodo
336 2127 533 2188 adhibeantur
563 2125 680 2186 videtur
713 2125 868 2186 dicendum
905 2147 980 2189 osse.
1026 2109 1136 2186 'Palem¹
1169 2134 1267 2186 autem

73 2278 74 2281 η
146 2231 368 2310 inquisitionem
400 2229 478 2309 apud
502 2227 693 2292 Aristotelem
714 2219 872 2308 praecipue
898 2229 1019 2288 maximi
1042 2228 1180 2288 momenti
1203 2247 1269 2288 esse
1339 2236 1341 2242 '

61 2317 62 2322 ἵ
107 2394 109 2398 ,
146 2323 183 2392 ab
213 2331 347 2391 omuibus
376 2330 554 2406 conceditur,
597 2338 630 2388 ut
662 2339 692 2388 et
722 2329 815 2409 ipsius
853 2331 944 2391 verba
980 2330 1087 2390 melius
1123 2328 1269 2407 intelliga—
1340 2405 1343 2410 1

146 2455 211 2496 rurus
230 2443 321 2515 atquo
341 2443 457 2494 textum
480 2433 564 2494 nobis
596 2431 735 2500 traditum
758 2429 949 2492 emendemus
980 2442 1010 2493 et
1038 2441 1132 2494 totum
1155 2431 1271 2492 dicendi

146 2557 232 2597 usum
255 2537 350 2616 qualis
372 2537 460 2595 luerit
482 2536 531 2595 illo
556 2546 688 2615 tempore
710 2551 929 2612 cognoscamus.
973 2535 1132 2594 Praeterea
1148 2535 1271 2594 ubicun-

147 2659 204 2718 que
227 2637 385 2712 duhitatur‚
402 2647 500 2698 utrum
524 2639 633 2716 singuli
652 2636 719 2698 libri
741 2637 778 2698 ab
801 2632 962 2696 Aristotele
980 2637 1044 2717 ipso
1068 2637 1191 2717 proiecti
1215 2639 1273 2697 siut
1344 2677 1348 2684 -

146 2759 249 2814 neone,
286 2739 325 2798 ud
358 2761 420 2799 rom
443 2739 662 2818 dijudicandam
693 2759 820 2816 magnac
839 2740 960 2798 utilitati
982 2746 1027 2798 cst
1057 2739 1168 2813 videre,
1203 2759 1274 2798 nuru
1345 2813 1346 2818 ἵ

148 2859 248 2898 eorum
270 2838 410 2899 librorum
431 2840 547 2900 dicendi
570 2841 643 2898 ratio
666 2839 703 2898 ad
725 2840 809 2899 illurn
831 2839 973 2919 quadret;
1011 2839 1091 2919 quod
1114 2850 1211 2900 autcm
1236 2840 1274 2900 ad

149 2959 186 2999 ea
208 2939 317 3020 scripta
338 2943 459 3014 attinet,
484 2960 560 3020 quae
582 2941 735 3000 Aristoteli
760 2941 912 3020 supposita
930 2961 996 3000 esse
1016 2951 1139 3014 constat,
1169 2961 1207 3000 ex
1230 2951 1274 3000 ta·

148 3040 226 3108 libus
248 3041 338 3100 rebus
361 3041 438 3099 offici
462 3036 568 3121 potest,
604 3043 763 3121 propiusue
797 3042 939 3101 accedunt
971 3041 1010 3102 ad
1044 3043 1211 3122 philosophi
1244 3051 1274 3102 ct

149 3141 266 3202 dicendi
291 3142 433 3202 rationem
449 3152 479 3204 ct
500 3154 616 3232 tempus
637 3164 675 3223 an
696 3144 812 3222 lougius
834 3143 950 3204 distent.
995 3143 1084 3204 Addo
1105 3164 1144 3203 ex
1159 3143 1278 3236 dicendi¹

150 3247 262 3306 ratione
297 3247 460 3327 accuratius
483 3245 635 3307 tractanda
656 3246 736 3306 lraud
758 3268 822 3307 raro
851 3266 996 3327 apparere
1029 3256 1058 3306 et
1091 3255 1153 3306 tota
1182 3249 1276 3328 ipsius
1326 3297 1329 3304 .

118 3379 120 3382 ·
150 3343 320 3408 Aristotelis
343 3349 454 3428 scriptu
480 3351 557 3410 inter
590 3369 622 3409 se
656 3359 687 3411 ct
720 3341 850 3426 singulos
883 3348 973 3409 libros
1008 3347 1139 3426 ejusdem
1175 3351 1274 3430 scripti

150 3439 223 3508 miro
247 3449 334 3510 modo
359 3449 528 3526 dissentire;
551 3472 695 3532 quaeres
715 3453 838 3511 multum
863 3450 1002 3532 prodesse
1020 3459 1122 3532 'potest
1142 3451 1179 3512 ad
1195 3452 1275 3531 judi·
1323 3445 1327 3454 ⁸

152 3553 242 3626 cium,
273 3573 330 3633 quo
362 3554 464 3614 ordine
499 3546 674 3616 Aristoteles
706 3555 795 3616 libros
830 3557 995 3638 scripserit,
1030 3556 1279 3632 constituendum,

10 3663 12 3732 l
87 3665 129 3750 ·
151 3656 187 3717 Iu
210 3657 344 3718 omnibus
361 3679 432 3724 vero
453 3660 563 3721 talibus
584 3660 671 3722 rebus
697 3681 810 3722 summa
832 3662 969 3723 cautione
989 3681 1063 3742 opus
1085 3681 1151 3722 esse
1174 3661 1280 3737 clucet,
1309 3641 1315 3657 ⁸

152 3759 194 3817 ita
215 3769 248 3818 ut
270 3759 343 3818 nihil
365 3763 466 3839 profici
489 3783 576 3842 posse
598 3772 742 3842 putemus,
777 3767 832 3824 nisi
854 3759 912 3822 hoo
933 3774 1067 3822 tenemus
1091 3762 1171 3842 quod
1194 3783 1278 3844 prae·
1321 3835 1323 3840 ,

155 3861 261 3940 cipitur
294 3861 325 3920 in
347 3861 602 3942 Physiognomicis
637 3862 708 3927 806.
733 3865 761 3928 h.
785 3863 943 3929 37-807.
967 3885 994 3927 a.
1017 3863 1053 3926 3:
1089 3852 1166 3935 ὅλως
1183 3861 1216 3921 δὲ
1237 3844 1283 3922 τόι

154 3958 198 4018 ἑνὶ
220 3959 275 4042 μὲν
297 3947 545 4024 cressoneres
576 3963 708 4048 σημείων
731 3957 844 4038 εὔηθες·
876 3955 957 4024 ὅταν
977 3961 1015 4052 di
1034 3963 1130 4046 πλείω
1153 3976 1280 4048 συμφω-
1309 3981 1326 4022 ’,

155 4067 277 4150 sedares
308 4057 380 4126 καθ’
408 4060 472 4139 iude
501 4062 601 4152 λάβῃ,
640 4067 764 4151 μᾶλλον
792 4060 847 4140 ἤδη
877 4062 963 4127 κατὰ
981 4064 1033 4128 ’τὸ
1064 4062 1142 4140 εἰκὸς
1171 4063 1212 4130 ἄν
1233 4089 1282 4141 τις
1307 4093 1310 4098 ·
1361 4059 1364 4063 ’
